2203 3331
698 271 861 296 ADVERSUS
887 267 1135 293 coNsrAxTnx'rM
1162 267 1396 289 COPRONYMI'M.
1848 253 1889 285 51

314 338 371 386 37,
401 331 506 380 Quod
535 331 563 366 si
591 339 629 366 tu
658 329 917 377 evangeliorum
942 324 1082 359 veritati
1109 323 1255 358 minime
1285 324 1418 365 credis,
1440 337 1503 358 nos
1531 321 1675 371 quidem
1703 334 1721 355 a
1748 320 1894 368 patroci-

211 398 326 436 nando
355 392 695 440 demonstrandoque
719 387 941 425 cessabimus.
961 383 1029 428 Vel
1052 384 1169 432 itaque
1194 392 1225 418 et
1246 383 1365 417 icones
1386 383 1504 431 recipe
1519 412 1526 426 ,
1548 383 1599 417 101
1621 381 1724 416 simul
1751 393 1896 427 evange·

213 461 257 495 lia
279 469 415 507 quoque
440 453 516 489 dele
542 454 604 501 (1).
630 450 738 500 Apud
758 461 822 483 nos
843 454 936 482 certe
961 445 1052 480 haud
1081 445 1199 479 minus
1228 444 1325 478 firma
1354 451 1438 478 sunt
1460 458 1497 477 ea
1517 458 1605 491 quae
1627 456 1687 491 per
1710 441 1813 476 fidem
1836 455 1894 475 no-

213 521 267 555 bis
297 516 470 558 insident,
493 527 597 563 quam
624 512 678 546 illa
705 522 792 558 quae
820 520 899 555 prae
920 505 1082 540 manibus
1110 513 1213 548 sunt,
1234 504 1287 539 vel
1310 504 1353 538 ob
1375 503 1494 538 oculos
1521 512 1728 539 versantur:
1749 511 1787 537 tu
1815 515 1895 536 vero

214 596 259 616 ne
279 581 330 614 his
351 576 497 625 quidem
518 569 759 612 commoveris,
783 576 822 604 ut
844 567 986 602 illorum
1007 566 1047 599 ab
1068 565 1121 599 his
1145 565 1328 599 veritatem
1347 562 1510 607 haurias3
1534 563 1616 610 quia
1639 571 1729 597 totus
1752 561 1896 597 carnalis

216 656 271 682 με,
294 638 463 686 humique
490 633 715 673 incumbens,
738 637 772 664 et
795 628 884 663 nihil
906 627 1014 662 altum
1036 626 1078 661 de
1104 625 1276 673 mysteriis
1305 624 1434 659 nostris
1463 623 1639 669 intelligis.
1666 623 1766 659 Num
1788 632 1826 657 tu
1849 637 1898 656 so-

217 704 321 735 larem
340 698 478 733 radium
504 694 623 729 videns
643 690 759 726 arbori
785 688 840 725 vel
868 688 927 723 alii
955 687 1114 722 materiae
1140 685 1383 727 incidentem,
1409 698 1487 719 mox
1518 698 1615 718 caesa
1642 684 1762 718 arbore
1788 683 1899 718 existi—

215 761 322 796 mabis
343 758 479 795 radium
497 752 600 789 simul
622 751 825 793 concisum,
843 749 938 798 quod
958 757 1076 783 tamen
1093 747 1180 782 radii
1198 755 1323 782 natura
1345 745 1415 793 pati
1432 744 1557 794 nequit
1580 744 1653 791 (2)}‘
1670 743 1776 778 Forte
1795 743 1900 778 etiam

216 823 245 856 si
267 821 343 870 quis
371 817 451 853 solis
480 827 605 862 corpus
629 811 818 861 depingat,
840 809 1003 845 revellere
1024 823 1058 843 se
1081 822 1120 843 ac
1144 822 1299 856 separare
1322 821 1339 841 3
1362 807 1439 842 1000
1465 806 1573 841 5010111
1594 805 1783 840 iudicabit?
1810 804 1900 839 Item

217 883 245 916 si
268 880 423 916 candens
445 877 580 911 ferrum
601 887 724 909 cernas
749 887 767 907 3
788 872 951 921 quopiam
980 884 1070 919 aqua
1097 869 1282 918 perfundi,
1304 868 1443 916 putabis
1464 882 1508 902 ne
1530 866 1689 913 extingui
1712 874 1747 901 et
1767 865 1901 900 destrui

215 954 285 975 una
315 951 392 973 cum
420 937 498 984 igne
522 935 626 970 etiam
646 935 803 976 serrum,
826 931 923 982 quod
944 930 1128 979 ceteroqui
1154 938 1278 964 natura
1306 943 1378 964 non
1407 937 1460 963 est
1481 935 1718 976 comparatum
1746 934 1786 961 111
1806 940 1824 961 3
1846 926 1904 960 fri-

214 1000 293 1046 gido
317 1007 349 1033 et
369 997 515 1032 humido
543 995 798 1030 detrimentum
819 994 992 1042 patiatur,
1016 991 1121 1026 immo
1143 991 1259 1040 potius
1281 991 1362 1026 acui
1382 998 1484 1038 atque
1506 988 1668 1024 obdurari
1692 987 1802 1023 solet?
1831 985 1902 1022 Sed

215 1061 309 1094 hunc
331 1058 511 1093 hominem
538 1070 626 1105 opus
650 1064 738 1091 esset
760 1055 795 1089 in
818 1053 1022 1089 huiusmodi
1051 1053 1154 1087 rebus
1182 1052 1285 1100 paulo
1308 1051 1501 1100 sapientius
1524 1049 1807 1099 prudentiusque
1834 1062 1906 1083 ver-

215 1120 303 1163 sari,
325 1119 439 1167 deque
469 1117 608 1152 illarum
634 1123 779 1158 natura,
800 1114 942 1149 veritate
971 1114 1063 1148 duce
1079 1142 1087 1156 ,
1110 1112 1322 1149 existimare:
1344 1112 1470 1146 deinde
1501 1120 1683 1159 tamquam
1711 1124 1752 1145 cx
1780 1110 1833 1144 1115
1863 1118 1906 1144 te·
1942 1119 2064 1144 {lv-1104*-

215 1182 348 1217 111111105
370 1177 725 1214 demonstrationibus
746 1185 848 1225 atque
870 1175 1038 1223 exemplis
1052 1204 1060 1218 ,
1082 1174 1126 1209 de
1154 1182 1271 1209 nostra
1298 1187 1438 1222 quoque
1466 1172 1637 1220 proposita
1665 1186 1701 1206 re
1730 1171 1883 1218 cogitare
1897 1199 1905 1213 ,

216 1255 343 1288 nempe
373 1239 468 1288 quod
491 1252 607 1286 neque
637 1251 718 1274 cum
741 1251 843 1273 carne
865 1235 1023 1271 Verbum
1052 1235 1386 1277 circumscribetur,
1407 1248 1521 1282 neque
1550 1233 1614 1268 1130
1643 1232 1801 1280 deposita
1821 1232 1906 1266 illud

218 1301 311 1350 quod
340 1300 457 1336 omnia
484 1299 606 1347 implet
633 1298 822 1333 secabitur.
855 1296 998 1332 Constat
1027 1310 1108 1343 ergo
1130 1310 1170 1331 ex
1193 1295 1372 1344 plurimis,
1393 1294 1587 1330 Mamonae
1614 1293 1705 1328 dicta
1733 1307 1808 1329 non
1837 1301 1906 1327 tam

220 1376 292 1396 esse
314 1362 471 1408 dogmata
493 1373 595 1408 quam
617 1358 750 1394 deliria.
774 1357 896 1393 Corvis
917 1366 951 1392 et
971 1357 1066 1392 ranis
1087 1356 1278 1391 deformius
1300 1356 1475 1403 loquitur,
1493 1355 1716 1404 pisciumque
1736 1354 1907 1388 infantiae

218 1431 251 1457 et
274 1435 472 1470 quercuum
494 1419 757 1455 insensibilitati
776 1418 900 1453 similia
922 1418 1088 1453 adversus
1110 1416 1295 1452 Christum
1315 1416 1491 1464 fidemque
1512 1424 1664 1451 nostram
1683 1415 1907 1463 blasphemat.

324 1482 381 1517 38,
414 1489 461 1528 <529
492 1480 635 1515 Etenim
662 1479 737 1515 fieri
764 1479 890 1527 nequit
917 1487 957 1514 ut
985 1478 1042 1513 illa
1071 1478 1114 1512 sit
1141 1477 1242 1520 icon,
1265 1491 1356 1526 quae
1383 1485 1584 1525 prototypae
1613 1490 1779 1524 personae
1807 1490 1909 1518 suae,

222 1548 270 1587 σ’ς’)
300 1543 411 1590 qualis
441 1556 479 1577 03
509 1550 581 1585 est,
602 1541 808 1589 impressam
835 1541 981 1575 formam
1009 1552 1083 1574 non
1113 1548 1216 1586 gerat.
1248 1547 1295 1586 ἄ)
1327 1538 1440 1586 Igitur
1460 1538 1488 1573 si
1515 1539 1661 1573 sormam
1683 1546 1716 1572 et
1740 1537 1910 1572 characte-

221 1616 294 1636 rem
317 1603 479 1637 Christus
500 1603 646 1645 habeat,
667 1602 772 1650 probe
801 1601 992 1636 admodum
1013 1615 1052 1635 30
1074 1599 1235 1647 religiose
1258 1599 1459 1634 charaxabit
1482 1599 1583 1634 illum
1607 1599 1718 1645 imago
1740 1612 1812 1634 5113.
1843 1596 1910 1631 Sin

222 1662 368 1697 minime
390 1662 609 1705 charaxabit,
630 1662 789 1710 sequitur
810 1670 852 1696 ut
875 1660 1040 1696 Christus
1062 1662 1170 1696 forma
1184 1689 1191 1703 ,
1217 1661 1416 1696 charactere
1431 1688 1439 1703 ,
1459 1660 1631 1708 vultuque
1653 1667 1789 1704 careat,
1817 1658 1911 1707 quod

223 1721 367 1769 perinde
399 1730 468 1765 est,
491 1736 529 1756 30
551 1722 581 1756 51
600 1722 776 1770 hypostasi
800 1721 982 1757 Christum
1009 1720 1105 1756 dicas
1135 1735 1264 1756 carere.
1294 1720 1335 1756 Id
1363 1721 1458 1755 enim
1480 1735 1520 1756 ex
1542 1720 1729 1755 Nlamonae
1751 1732 1911 1754 sermone

225 1783 463 1818 concluditur.
487 1782 538 1818 Ex
558 1783 671 1818 verbis
694 1783 811 1832 itaque
834 1783 904 1818 suis
925 1782 1195 1824 iustificabitur,
1219 1789 1254 1816 et
1278 1795 1318 1815 ex
1340 1781 1455 1816 verbis
1476 1780 1630 1816 vicissim
1653 1780 1724 1815 suis
1748 1780 1914 1815 condem-

222 1844 364 1878 nabitur
404 1843 477 1878 Etsi
505 1844 601 1878 enim
630 1844 842 1892 impossihile
872 1852 926 1878 est
953 1843 1094 1878 iconem
1121 1856 1215 1885 esse,
1237 1856 1324 1891 quae
1353 1844 1500 1877 formam
1521 1850 1553 1877 et
1576 1842 1812 1876 characterem
1836 1854 1913 1889 pro-

225 1914 363 1952 totypae
392 1918 563 1953 personae
592 1919 673 1939 suae
695 1919 769 1940 non
791 1905 1028 1947 demonstrat,
1050 1904 1277 1939 nihilominus
1308 1904 1388 1938 icon
1412 1903 1469 1938 illa
1491 1917 1579 1952 quae
1605 1902 1788 1938 Christum
1809 1901 1913 1936 nobis

223 1973 478 2012 repraesentat,
500 1965 536 2000 id
566 1974 618 2000 est
645 1979 731 2014 quae
761 1965 803 2000 ad
832 1965 1100 2000 similitudinem
1128 1964 1262 2014 ipsius,
1286 1964 1516 2013 eiusdemque
1545 1963 1686 1999 nomine
1712 1962 1873 2011 praedita
1894 1976 1911 1996 3

226 2026 434 2061 Christianis
456 2027 514 2069 fit,
536 2025 652 2060 addita
674 2027 781 2061 etiam
802 2026 1034 2075 inscriptione
1063 2027 1112 2074 (3)
1129 2055 1136 2069 ,
1161 2040 1199 2061 ea
1221 2026 1405 2061 veritatem
1426 2026 1583 2074 undique
1611 2024 1764 2067 adserit,
1786 2036 1912 2071 nempe

225 2086 318 2121 illius
345 2088 493 2122 sormam
519 2101 558 2122 30
586 2087 724 2122 vultum
751 2087 850 2123 nobis
878 2087 1094 2122 demonstrat
1123 2096 1298 2136 tamquam
1326 2086 1525 2135 prototypi,
1551 2084 1843 2135 quandoquidem
1870 2084 1913 2118 311

228 2146 303 2181 vius
324 2161 480 2182 normam
501 2162 561 2183 seu
581 2157 807 2197 prototypum
826 2149 1008 2196 figuratur.
1030 2148 1164 2184 Rerum
1182 2157 1363 2197 praeterea
1385 2148 1505 2183 relatio
1518 2176 1525 2190 ,
1545 2147 1713 2182 sermonis
1732 2147 1842 2181 nostri
1860 2159 1915 2180 ve-

228 2208 365 2242 ritatem
388 2209 577 2245 confirmat.
600 2209 692 2244 Nam
713 2209 742 2244 51
762 2211 848 2244 sorte
872 2209 1054 2246 Christum
1076 2210 1157 2245 icon
1178 2210 1253 2245 eius
1274 2224 1344 2244 non
1366 2210 1545 2251 charaxet,
1565 2209 1664 2256 longe
1686 2216 1778 2243 certe
1801 2207 1915 2242 aberit

228 2278 267 2303 ut
295 2269 438 2304 31101105
467 2269 653 2305 cuiuslibet
680 2272 826 2305 formam
853 2270 1011 2307 denotet.
1042 2269 1229 2317 Quomodo
1259 2271 1354 2306 enim
1382 2284 1483 2313 eum,
1506 2270 1607 2305 cuius
1637 2284 1706 2304 nou
1737 2278 1785 2304 est
1813 2269 1914 2309 icon,

228 2329 425 2365 describet?
453 2329 613 2378 Namque
643 2331 749 2366 unius
775 2332 929 2367 hominis
957 2332 1069 2379 imago
1098 2332 1198 2368 alteri
1218 2346 1291 2366 non
1315 2332 1379 2366 erit
1407 2331 1548 2377 similis;
1574 2331 1668 2366 sicut
1689 2345 1736 2366 ne
1762 2329 1915 2377 sigillum

227 2389 375 2437 quidem
405 2404 502 2424 cerae
531 2391 741 2439 impressum
769 2392 828 2426 alii
856 2393 1080 2441 impressioni
1107 2393 1442 2428 accommodabitur.
1475 2393 1568 2427 Cum
1595 2406 1675 2439 crgo
1703 2392 1762 2426 hic
1787 2390 1915 2426 Christi

229 2450 369 2485 iconem
390 2450 572 2499 deposuit,
594 2452 630 2487 id
646 2452 814 2488 videlicet
835 2454 922 2500 egit,
943 2454 1026 2502 quia
1049 2469 1087 2489 ea
1108 2468 1180 2490 non
1209 2455 1357 2489 habebat
1384 2467 1488 2503 quam
1517 2453 1693 2488 exhiheret
1721 2466 1916 2501 repraesen-

228 2520 384 2559 taretque
414 2526 621 2560 personam,
643 2527 759 2563 neque
787 2522 1011 2563 prototypum
1031 2516 1126 2564 quod
1150 2516 1379 2551 describeret.
1408 2515 1561 2551 Necesse
1592 2524 1642 2550 est
1664 2514 1781 2563 itaque
1802 2522 1842 2548 ut
1862 2512 1917 2547 vel

227 2571 357 2607 invitus
381 2573 610 2617 confiteatur,
633 2576 854 2610 sermonibus
875 2576 945 2610 suis
966 2586 1230 2612 consentaneus
1245 2605 1252 2619 ,
1276 2577 1352 2612 sine
1380 2591 1530 2625 persona
1556 2576 1634 2611 sine
1658 2577 1767 2610 forma
1790 2582 1823 2609 et
1843 2574 1915 2607 sinc

229 2632 427 2668 charactere
452 2632 634 2669 Christum
657 2650 751 2679 esse,
774 2650 841 2671 1100
862 2650 934 2671 non
955 2637 1083 2686 absque
1106 2638 1290 2686 hypostasi.
1320 2637 1458 2673 Idcirco
1482 2638 1585 2672 etiam
1610 2651 1710 2672 reum
1738 2649 1840 2683 agens
1868 2634 1915 2682 pi-

309 2769 343 2799 ¹1)
363 2769 422 2795 Hoc
442 2767 522 2801 dicit,
537 2777 593 2796 non
609 2770 671 2805 quia
694 2771 797 2805 pictura
815 2772 872 2806 pari
889 2772 925 2798 sit
939 2773 1101 2799 auctoritate
1121 2777 1201 2808 atque
1220 2773 1374 2809 evangelia,
1389 2773 1435 2801 sed
1451 2774 1514 2809 quia
1530 2782 1634 2801 sacram
1656 2771 1796 2798 historiam
1817 2770 1916 2796 0111111-

231 2814 282 2839 que
301 2812 400 2843 pariter
419 2815 622 2845 cognoscimus.

320 2857 345 2884 2)
364 2858 437 2883 Haec
457 2857 611 2885 similitudo
630 2860 751 2887 sumitur
769 2868 799 2887 ex
819 2862 846 2887 S.
868 2861 988 2888 Silvestri
1009 2861 1031 2888 1.
1052 2862 1106 2887 PP.
1126 2861 1312 2897 disputatione
1331 2871 1394 2890 cuin
1416 2863 1533 2890 ludaeis.

264 2938 268 2942 .
294 2899 347 2944 .(.3)
365 2899 465 2927 Revera
486 2902 513 2928 in
534 2902 686 2936 priscorum
707 2904 832 2931 codicum
854 2905 992 2938 iconibus,
1009 2913 1059 2932 nec
1079 2914 1133 2933 non
1154 2907 1267 2934 musivis
1286 2907 1428 2941 operibus.
1445 2907 1547 2942 graecis
1563 2905 1735 2940 praesertim,
1751 2904 1852 2931 Christi
1868 2902 1916 2929 do-

234 2945 299 2964 ¹¹¹¹¹¹¹
320 2943 484 2977 imaginibus
505 2953 604 2974 nomen
625 2955 734 2983 quoque
753 2951 828 2975 lesus
848 2949 888 2976 vet
910 2949 1043 2977 christus
1062 2951 1219 2987 saepissime
1239 2951 1408 2986 adiungitur.
