2203 3331
719 268 780 290 pao
805 266 931 289 ssxcris
959 264 1154 286 mimmius.
1701 252 1764 285 163

116 327 266 375 Cognita
292 333 408 359 autem
435 324 515 358 fidei
543 323 701 358 firmitate
731 332 766 357 et
792 320 1006 358 constantia,
1028 328 1062 353 et
1090 332 1148 352 sua
1175 317 1345 353 voluntate
1371 319 1546 361 frustrati,
1570 318 1609 352 ad
1638 327 1766 352 vetera-

115 398 228 423 torum
253 394 343 420 artes
371 385 598 431 confugiunt,
620 383 760 431 illosque
782 383 824 416 de
848 380 1054 416 criminibus
1082 386 1270 417 accusant,
1291 392 1378 426 qnae
1399 393 1442 413 110
1472 379 1593 413 auditu
1623 379 1765 426 quidem

116 448 261 484 innocui
288 446 400 481 nostri
427 453 609 480 noverunt.
637 444 762 492 Neque
791 443 856 477 iam
883 456 939 489 spe
968 440 1080 487 agitur
1098 468 1106 481 ‚
1136 439 1192 473 sed
1222 453 1410 486 poenarum
1442 440 1649 474 inflictione.
1678 439 1763 473 Exin

108 508 232 556 quippe
263 507 401 542 vincula
423 515 456 541 et
484 505 660 541 durissimi
688 511 885 552 sequuntur
913 515 1085 541 carceres,
1108 508 1141 534 et
1171 500 1275 534 sames
1305 508 1337 533 et
1365 500 1574 545 gravissimae
1600 500 1767 534 adflictio-

111 583 189 604 nes:
214 567 444 616 quorumdam
471 567 577 601 etiam
603 565 706 613 plagis
733 564 828 598 dorsa
852 562 1069 602 caeduntur,
1092 569 1125 595 et
1154 574 1224 594 non
1253 559 1396 594 modicis
1417 561 1529 594 vexati
1557 560 1765 595 eruciatibus

108 630 303 677 longinquo
331 637 365 663 et
393 626 598 662 intolerabili
627 626 725 661 cxliio
754 624 969 665 multantur,
990 622 1077 657 locis
1105 621 1267 656 destinati
1293 620 1417 668 asperis
1445 634 1481 654 ac
1509 621 1563 655 vix
1591 621 1766 659 serendis,

110 691 171 738 qui
201 691 242 724 ob
264 703 360 725 suam
384 687 576 735 angustiam
602 686 654 721 vel
681 698 809 720 usuum
836 685 1070 719 humanorum
1095 681 1417 717 incommoditatem
1439 689 1470 715 et
1491 681 1702 723 molestiam,
1724 682 1767 715 vi-

112 754 240 785 dentur
261 749 475 797 captivorum
497 747 628 781 animos
652 744 904 794 expugnaturi,
925 744 1049 778 additis
1078 742 1276 791 praesertim
1298 741 1357 790 qui
1380 755 1453 776 eam
1475 755 1548 775 rem
1569 742 1768 781 insinuent:

112 811 241 846 etenim
268 824 342 859 pars
369 808 538 857 quaedam
563 807 721 854 publicae
750 805 892 840 militiae
923 805 1071 852 captivos
1100 804 1285 838 comitatur
1303 831 1310 845 ,
1338 816 1425 850 quae
1456 815 1576 836 eorum
1602 802 1768 836 voluntati

112 871 311 906 subserviat.
339 868 433 903 Haec
462 868 642 916 patiuntur
671 866 823 914 primarii
853 865 1033 913 episcopi,
1062 865 1122 912 qui
1151 863 1373 899 orthodoxam
1401 862 1609 896 sententiam
1637 862 1772 896 sortiter

113 938 339 980 propugnant.
369 928 463 963 Sunt
485 928 588 963 etiam
608 927 769 966 nonnulli
797 935 871 975 post
893 926 966 960 illos
989 925 1133 972 gradum
1162 932 1342 965 tenentes,
1365 936 1481 971 parem
1509 936 1590 958 cum
1615 922 1697 970 ipsis
1719 936 1770 956 re-

113 993 264 1038 ligiosam
284 990 388 1025 fidem
408 990 563 1024 foventes
577 1017 584 1031 ,
607 988 708 1036 pauci
729 1002 812 1022 sane
826 1016 833 1027 ,
854 987 911 1021 sed
934 987 976 1021 ita
998 996 1110 1020 tamen
1132 993 1173 1020 ut
1194 985 1304 1019 favilla
1332 984 1450 1019 saltem
1476 979 1511 1018 in
1539 983 1683 1019 ecclesia
1703 981 1770 1017 Dei

111 1052 276 1100 supersit,
298 1065 385 1099 quae
414 1065 476 1085 suo
504 1059 660 1097 tempore.
681 1048 807 1083 divinis
829 1048 1001 1082 afflatibus
1024 1046 1234 1095 splendidam
1258 1045 1487 1093 eximiamque
1515 1046 1627 1079 facem
1654 1045 1771 1079 1110611-

112 1126 189 1147 sura
218 1120 286 1154 est,
310 1120 342 1146 et
370 1110 584 1145 infidelitatis
613 1109 764 1144 tenebris
794 1109 931 1143 obrutos
951 1108 993 1142 ad
1013 1107 1202 1156 spiritalem
1229 1106 1341 1141 lucem
1366 1106 1572 1141 deductura.
1600 1105 1651 1141 Ut
1673 1105 1771 1139 nobis

110 1186 250 1220 quoque
280 1171 492 1220 propheticas
519 1169 770 1217 usurpantibus
791 1183 889 1203 voces
917 1169 1033 1203 dicere
1058 1167 1160 1202 liceat
1186 1168 1222 1202 1ἢῖἐ
1246 1167 1314 1201 nisi
1335 1166 1512 1202 Dominus
1534 1167 1672 1201 sabaoth
1695 1166 1771 1201 reli-

115 1233 245 1280 quisset
268 1231 370 1266 nobis
394 1245 508 1266 semen
523 1259 530 1273 ,
552 1230 649 1278 quasi
676 1229 827 1264 Sodoma
851 1229 1050 1271 fuissemus,
1073 1237 1107 1263 et
1134 1228 1345 1262 Gomon-hae
1371 1227 1508 1262 similes.

221 1293 274 1327 16.
303 1292 386 1326 Pars
406 1301 523 1326 autem
543 1291 598 1326 illa
622 1290 702 1325 cleri
725 1290 857 1324 minore
880 1290 914 1324 in
937 1290 1041 1336 gradu
1070 1288 1279 1330 constituta,
1302 1289 1389 1323 vitae
1415 1303 1495 1323 suae
1521 1289 1772 1324 conservandae

115 1353 231 1388 studio
258 1353 420 1387 vacillans
450 1352 680 1400 conspicitur,
702 1351 913 1399 temporique
935 1359 969 1385 et
992 1363 1108 1385 rerum
1136 1350 1256 1385 cursui
1281 1350 1494 1385 obsecundat
1523 1365 1670 1399 seseque
1693 1364 1773 1385 con-

116 1415 256 1451 format,
280 1413 417 1461 qualem
446 1426 519 1447 esse
548 1412 669 1447 dicunt
698 1411 965 1446 chamaleontem
991 1413 1040 1458 (1)
1056 1439 1064 1453 ,
1085 1419 1126 1445 ut
1146 1410 1345 1458 apparentis
1366 1411 1494 1446 formae
1522 1411 1681 1446 varietate
1709 1411 1773 1446 sibi

113 1482 337 1508 occurrentes
358 1473 459 1508 fallat.
489 1472 547 1507 Sic
569 1473 623 1507 isti
643 1473 864 1507 validioribus
888 1472 1041 1514 cedunt,
1063 1471 1155 1506 haud
1177 1485 1256 1506 sane
1279 1481 1396 1506 mente
1418 1472 1525 1506 libera
1539 1501 1547 1515 ,
1569 1472 1626 1506 sed
1648 1473 1678 1506 vi
1701 1486 1774 1520 pre-

112 1534 284 1568 mentium
302 1534 467 1570 deducti:
488 1547 636 1582 quorum
657 1533 763 1581 aliqui
785 1533 894 1568 nimio
915 1533 968 1568 sui
989 1545 1101 1567 amore
1125 1541 1157 1567 et
1181 1532 1325 1567 mollitie
1348 1534 1576 1580 franguntur,
1599 1547 1639 1567 ae
1660 1533 1774 1581 pueri-

114 1595 182 1629 lem
202 1594 452 1642 propemodum
472 1603 627 1629 mentem
650 1603 794 1641 gerunt2
816 1594 1081 1641 agitanturquffi
1103 1601 1137 1627 et
1158 1593 1254 1627 omni
1275 1602 1377 1627 vento
1400 1593 1580 1628 doctrinae
1607 1594 1670 1628 hac
1692 1593 1768 1628 illae

114 1657 297 1697 teruntur,
321 1656 354 1689 in
376 1655 534 1703 nequitia
554 1655 754 1697 hominum,
777 1655 814 1689 in
836 1655 961 1689 astutia
980 1654 1021 1688 ad
1043 1654 1375 1689 circumventionem
1397 1655 1541 1697 erroris,
1564 1655 1669 1690 sicuti
1691 1656 1773 1690 scri-

114 1725 212 1763 ptum
240 1724 289 1750 est
311 1718 346 1751 *:
371 1716 418 1750 ita
440 1724 477 1750 ut
498 1716 660 1750 alterutro
690 1715 730 1750 iis
757 1715 952 1764 proposito,
975 1729 1098 1763 nempe
1127 1724 1167 1750 ut
1194 1715 1245 1750 vel
1275 1715 1410 1750 animae
1441 1715 1691 1750 detrimentum
1719 1730 1773 1764 pa—

113 1776 268 1819 tiantur,
289 1777 343 1811 vel
363 1777 500 1811 sedibus
521 1777 703 1817 excidant,
725 1776 822 1824 prius
844 1776 930 1811 illud
954 1776 1051 1811 malle
1066 1805 1073 1817 ,
1094 1776 1211 1811 (110016
1234 1776 1369 1818 ausint,
1393 1785 1426 1811 et
1446 1776 1487 1811 de
1510 1790 1641 1811 summa
1661 1776 1770 1812 salute

115 1837 319 1885 periclitari,
342 1837 427 1885 quin
449 1845 566 1872 tamen
588 1851 686 1883 grave
714 1837 843 1885 aliquid
865 1851 900 1872 se
925 1837 1135 1872 committere
1162 1846 1300 1885 putent.
1328 1836 1419 1872 Haec
1448 1838 1592 1886 quantis
1612 1837 1771 1885 lacrymis

115 1897 237 1944 digna!
261 1906 390 1946 quanto
418 1911 571 1932 maerore
600 1912 639 1932 ac
666 1898 765 1933 luctu
794 1898 1014 1934 redundant!
1041 1897 1145 1943 Quod
1167 1898 1196 1932 si
1217 1898 1376 1933 hommes
1403 1899 1485 1933 haec
1514 1912 1583 1933 non
1612 1898 1773 1945 lugeant,

114 1968 206 1993 certe
227 1959 390 1994 inanimis
412 1969 573 1994 creatura
596 1969 630 1995 et
652 1961 815 1995 maerebit
836 1969 869 1995 et
890 1960 1101 2007 ingemiscet.
1124 1960 1226 2006 Quali
1249 1960 1342 1995 enim
1362 1960 1493 1995 iudicio
1515 1969 1595 1995 sunt
1614 1961 1776 1996 obnoxii?

116 2026 138 2041 “
169 2020 259 2054 Nam
286 2020 313 2054 si
339 2029 433 2068 pacta
458 2021 548 2056 111161
575 2021 734 2055 homines
761 2021 869 2063 inita,
890 2021 1003 2070 inquit
1030 2021 1148 2069 lingua
1177 2021 1372 2067 theologalis
1398 2022 1471 2069 (2),
1493 2020 1589 2056 Deus
1612 2021 1777 2057 mediator

120 2109 141 2117 ..
170 2080 370 2128 adsumptus
397 2082 531 2124 firmat,
553 2081 678 2130 quanti
706 2082 848 2117 demum
868 2081 1016 2130 periculi
1039 2091 1109 2125 est,
1131 2096 1217 2130 quas
1245 2082 1489 2129 promissiones
1510 2081 1585 2117 Deo
1607 2082 1671 2130 ipsi
1698 2083 1778 2117 seci-

120 2169 142 2183 ,.
171 2154 267 2182 111115,
295 2155 416 2176 earum
443 2142 654 2190 deprehendi
681 2142 885 2178 violatores?
914 2157 1027 2191 neque
1055 2151 1278 2190 peccatorum
1308 2142 1549 2177 tantummodo
1576 2157 1652 2178 reos
1680 2143 1777 2185 fieri,

120 2230 142 2241 ,,
171 2215 289 2237 verum
316 2202 420 2236 etiam
448 2200 619 2237 mendacii
649 2217 764 2238 coram
791 2204 862 2251 ipsa
890 2204 1035 2238 veritate
1064 2204 1230 2250 coargui?
1255 2232 1277 2245 „
1302 2202 1431 2237 Paulus
1456 2204 1582 2251 (mitto
1610 2217 1703 2238 nunc
1729 2204 1779 2238 di-

119 2277 197 2297 cere.
218 2272 302 2310 quot
324 2271 523 2311 quantaque
538 2292 545 2305 ,
566 2263 637 2298 Dei
658 2277 774 2299 amore
798 2265 982 2300 devinctus
997 2294 1004 2307 ‚
1027 2265 1097 2312 pati
1127 2279 1159 2298 se
1184 2264 1268 2298 velle
1293 2264 1566 2312 adseveraverit)
1589 2265 1780 2300 tribulatio-

117 2324 238 2365 nibus,
261 2324 561 2371 persecutionibus
576 2354 583 2361 .
606 2325 769 2372 periculis
791 2325 1000 2360 omnimodis
1023 2325 1255 2367 sustinendis,
1277 2339 1380 2372 quem
1402 2339 1514 2373 neque
1539 2325 1701 2360 instantia
1722 2340 1779 2361 ne-

116 2398 184 2432 que
206 2385 322 2419 sutura
343 2399 457 2432 neque
480 2394 633 2420 creatura
654 2385 717 2420 alia
739 2400 756 2420 a
778 2385 845 2420 Dei
868 2387 1007 2421 caritate
1031 2400 1183 2434 separare
1206 2386 1373 2434 potuisset
1397 2387 1434 2431 ff:
1458 2395 1575 2421 tantus
1598 2396 1668 2422 erat
1691 2401 1779 2422 amo-

118 2445 165 2479 ris
186 2446 298 2480 fervor
319 2454 352 2480 et
374 2446 545 2493 flammat)
573 2447 754 2480 anathema
776 2461 916 2495 quoque
937 2461 970 2481 se
994 2447 1066 2481 sieri
1089 2461 1107 2481 a
1131 2446 1270 2481 Christo
1293 2446 1457 2481 audacter
1476 2456 1596 2495 optans
1617 2450 1650 2491 *ἢ
1671 2448 1778 2484 levius

118 2520 152 2541 se
180 2506 214 2540 id
242 2506 396 2540 laturum
423 2507 552 2552 aiebat3
574 2506 629 2541 isti
657 2515 774 2542 autem
803 2521 848 2542 ne
877 2507 1068 2555 simplicem
1096 2508 1236 2555 quidem
1259 2508 1505 2543 contumeliam
1526 2523 1587 2557 pro
1608 2523 1685 2544 vera
1707 2510 1779 2544 reli-

120 2567 220 2613 gione
241 2566 373 2614 perpeti
395 2567 586 2602 voluerunt.
609 2567 680 2602 Sed
701 2568 753 2602 his
772 2569 932 2603 omnibus
953 2569 1056 2603 bonis
1078 2568 1227 2607 omissis,
1248 2569 1409 2604 materiae
1429 2578 1563 2604 tantum
1582 2570 1776 2613 inhaerent,

120 2635 155 2660 et
171 2627 382 2675 voluptuosis
398 2628 502 2663 mersi
519 2629 754 2676 passionibus,
775 2638 924 2664 mentem
941 2630 1047 2664 rebus
1066 2630 1271 2664 caelestibus
1289 2630 1429 2665 minime
1449 2631 1653 2667 intendunt:
1671 2646 1778 2679 seque

122 2687 168 2721 ita
189 2696 335 2733 gerunt,
357 2688 453 2736 quasi
474 2702 553 2724 mox
574 2689 720 2725 domum
740 2703 838 2724 suam
859 2690 999 2725 venturi
1022 2699 1152 2725 essent.
1178 2690 1227 2725 vel
1249 2704 1346 2737 agros
1368 2691 1578 2739 pinguesque
1601 2692 1778 2740 possessio-

122 2760 184 2780 nes
211 2761 287 2782 suas
315 2748 527 2796 inspecturi,
550 2759 610 2784 aut
639 2750 823 2785 amabilem
850 2751 1008 2792 vineam,
1031 2760 1089 2785 aut
1117 2751 1289 2800 quicquid
1320 2752 1354 2786 in
1383 2766 1463 2798 agro
1494 2760 1542 2786 est
1570 2751 1714 2799 optabile
1743 2760 1775 2785 et

121 2806 247 2842 arabile
267 2821 306 2841 ac
327 2809 515 2855 spatiosum
529 2838 536 2852 ‚
558 2811 873 2859 provenientesque
901 2811 982 2846 inde
1004 2812 1137 2846 fructus
1159 2812 1394 2860 frequentibus
1415 2812 1602 2859 digitorum
1625 2811 1772 2845 motibus

200 2896 235 2919 1‘1‘¹
253 2894 298 2920 Sic
317 2894 467 2928 appellatur
485 2896 519 2923 ab
538 2896 673 2924 historicis
692 2897 844 2933 byzantinis
863 2897 944 2925 etiam
960 2899 1015 2925 Leo
1030 2899 1167 2926 armenius
1186 2903 1294 2934 propter
1309 2908 1386 2926 suam
1407 2899 1547 2925 versutiam
1563 2902 1589 2924 et
1603 2897 1772 2932 hypocrisim>

204 2940 235 2966 12⁸
255 2937 333 2964 Extat
351 2940 484 2966 sententia
504 2939 570 2967 haec
589 2941 617 2967 in
639 2941 798 2968 Nazianzeni
818 2942 940 2968 oratione
959 2942 1164 2977 quadragesima
1185 2951 1212 2969 n.
1232 2947 1258 2969 s.
1279 2950 1347 2977 quae
1366 2946 1406 2969 est
1423 2941 1457 2968 de
1475 2941 1616 2975 baptismo.

1808 1119 1845 1139 (Ir.
1861 1125 1882 1145 p.
1901 1123 1931 1140 12⁴.

1808 1183 1817 1190 ¹
1833 1182 1858 1201 ls.
1875 1182 1890 1201 Ι4
1906 1186 1917 1201 εὶ

1809 1732 1816 1741 ·
1834 1729 1912 1757 Ephes.
1928 1729 1964 1750 Wv
1990 1732 2010 1749 14

1815 2403 1824 2412 ‘
1840 2401 1901 2420 Rom.
1913 2399 1969 2420 vul.
1982 2402 2014 2420 351.

1814 2464 1822 2473 ‘
1839 2464 1898 2484 Rom.
1914 2462 1950 2482 lx.
1967 2463 1986 2481 3.
