2203 3331
175 1040 182 1046 ’
198 1038 237 1058 Os.
253 1038 288 1058 [Υ.
307 1040 336 1058 17.

213 2675 248 2695 cr.
266 2681 286 2700 rt.
304 2678 337 2696 73³.

377 173 446 206 212
973 183 1000 206 5.
1026 183 1197 207 xxcsrnom
1225 183 1461 206 mereamim-s

380 267 402 279 .,
431 246 573 273 matrem
599 250 714 279 suam,
739 245 771 272 et
799 237 1003 274 adhaerebit
1023 240 1123 275 uxori
1146 254 1227 274 suae
1242 267 1250 281 ,
1274 247 1307 273 et
1331 247 1438 274 erunt
1465 239 1534 273 duo
1557 238 1594 273 in
1617 251 1718 274 earne
1742 253 1823 275 una.
1853 239 2058 276 Sacramen—

380 327 401 336 ,,
432 306 504 332 tuni
528 298 593 331 hoe
620 310 783 344 magnum
808 307 878 345 est3
904 313 965 346 ego
990 309 1109 335 autem
1134 300 1210 334 dieo
1238 299 1271 333 in
1303 299 1447 334 Christo
1473 307 1508 333 ct
1531 298 1567 332 in
1593 298 1751 335 eeclesia.
1781 329 1803 343 „

479 349 497 404 f,—
509 373 537 407 7.
570 357 721 393 Veniant
749 373 846 394 nunc
875 360 1067 409 iniquitatis
1097 369 1294 409 operatores
1323 369 1427 408 atque
1455 359 1696 394 demonstrent
1723 361 1897 408 quomodo
1920 370 1953 396 et
1980 362 2058 409 qui·

376 420 520 453 busnam
543 419 720 467 inspiratis
741 421 887 455 oraculis
910 421 1091 456 eeclesiam
1114 423 1155 456 ab
1179 421 1309 456 unione
1331 434 1413 455 cum
1436 420 1576 456 Christo
1598 420 1739 455 sceleste
1761 422 1949 457 divellant?
1971 436 2057 470 quo-

376 480 477 514 modo
507 481 700 515 coheredes
720 490 754 516 et
778 483 1041 530 concorporales
1067 483 1222 525 Clu-isti,
1245 482 1433 517 simulacra
1462 482 1505 516 ab
1535 481 1737 517 infidelibus
1762 482 1855 518 culta
1882 483 2055 518 adorant?

376 540 564 586 Quomodo
586 555 666 589 ergo
686 556 806 577 verum
828 543 945 578 dicant
959 573 967 587 ‚
989 545 1049 591 qui
1072 544 1207 578 falsitati
1231 543 1528 592 patrocinantur?
1549 542 1707 578 Videant
1728 543 1854 590 igitur,
1877 544 1945 578 nisi
1966 546 2056 579 sorte

306 614 337 631 ·7.
374 601 488 648 ipsum
513 601 690 637 Christum
719 605 902 651 profanum
931 604 1012 653 quid
1036 613 1070 638 et
1092 605 1271 652 impurum
1300 612 1441 653 propter
1462 612 1603 638 vocatos
1628 603 1664 637 in
1689 602 1847 638 eiusdem
1872 613 1999 639 sortem
2022 614 2057 640 et

374 662 658 710 concorporalem
681 665 985 707 communionem,
1007 664 1221 711 existimant3
1242 664 1383 699 videant
1405 665 1568 712 inquam,
1592 678 1636 698 ne
1660 663 1894 712 blasphemiae
1914 664 2055 699 eulmen

375 722 560 769 attingant.
587 723 722 759 Verum
750 725 784 758 hi
812 739 923 772 neque
954 739 987 759 se
1016 725 1138 767 obrui,
1160 739 1276 773 neque
1306 734 1345 760 ut
1374 726 1419 759 ita
1447 725 1563 760 dicam
1587 724 1705 759 defodi
1728 725 1891 759 sentiunt
1917 725 2057 772 propria

376 783 586 829 ignominia,
609 784 693 819 dum
720 785 906 833 loquentes
933 786 967 819 in
998 784 1136 832 Spiritu
1160 784 1227 820 Dei
1254 795 1389 821 sanctos
1419 787 1603 834 prophetas
1631 794 1735 833 atque
1763 785 1934 833 apostolos
1962 786 2058 820 abro-

375 853 477 891 gant,
503 860 629 893 eosque
658 847 818 893 profanos
846 846 955 881 veluti
983 854 1084 893 atque
1113 846 1235 893 impios
1263 855 1356 881 vates
1384 846 1565 881 clamitant
1594 855 1626 895 et
1655 847 1831 893 magistros
1854 860 1894 881 ex
1916 846 2058 894 proprio

374 913 493 940 ventre
522 905 717 954 loquentes,
746 905 908 951 Quorum
937 906 1095 941 vitandos
1124 920 1335 955 spureosque
1358 920 1556 949 sermones,
1578 906 1620 941 ad
1644 907 1699 941 sui
1721 906 1848 941 erroris
1874 907 2057 941 confirma-

375 965 506 1000 tionem
535 967 767 1014 pertrahunt:
797 974 819 987 “
850 967 1025 1015 particeps
1054 967 1229 1002 idolorum
1258 966 1424 1015 Ephraim
1456 968 1570 1016 posuit
1598 968 1662 1002 sihi
1691 968 1854 1002 seandala
1873 996 1880 1010 ,
1909 967 2058 1002 irritavit

377 1055 400 1069 „
432 1027 660 1062 Chananaeos
685 1056 707 1070 „
731 1027 881 1074 legimus
902 1030 937 1073 *ἒς
959 1036 988 1062 at
1016 1027 1235 1063 Christianos
1258 1028 1430 1063 idolorum
1453 1028 1638 1077 participes
1661 1028 1774 1077 iisque
1798 1029 2059 1064 communican-

374 1096 423 1121 tes
451 1102 628 1136 nusquam
657 1102 770 1136 usque
799 1088 841 1122 ad
871 1089 959 1122 hanc
985 1088 1081 1123 diem
1103 1102 1120 1123 a
1141 1088 1306 1136 quopiam
1333 1088 1405 1123 diei
1432 1089 1650 1131 audivimus,
1674 1089 1742 1123 nisi
1763 1090 1807 1124 ab
1833 1089 1872 1123 iis
1899 1097 2057 1131 tantum,

373 1148 435 1195 qui
463 1148 626 1182 adversus
657 1148 786 1182 Christi
816 1148 962 1195 gloriam
986 1157 1017 1183 et
1040 1158 1159 1183 contra
1189 1157 1286 1183 reete
1316 1162 1398 1184 eum
1427 1149 1581 1184 colentes
1607 1158 1710 1197 atque
1735 1149 1938 1192 adorantes,
1960 1150 2057 1184 rabie

374 1208 565 1243 insaniunt.
594 1208 720 1256 Neque
745 1208 778 1243 id
802 1209 941 1244 mirum.
970 1209 1054 1244 Mos
1075 1218 1123 1243 est
1145 1209 1239 1244 enim
1260 1209 1449 1258 impiorum
1471 1209 1677 1244 adversandi
1698 1209 1928 1252 melioribus,
1950 1218 1984 1244 et
2003 1223 2059 1244 ve-

371 1269 514 1303 ritatem
543 1269 776 1317 depravandi,
799 1278 839 1304 ut
862 1269 1058 1305 sententiae
1087 1285 1167 1305 suae
1197 1270 1458 1318 improbitatem
1484 1270 1597 1305 velare
1622 1278 1766 1319 queant.
1794 1269 2009 1318 Dietumque
2039 1283 2056 1304 a

373 1330 503 1364 sanetis
527 1329 608 1364 viris
633 1339 728 1365 reete
753 1331 817 1365 suit
832 1360 839 1373 ,
861 1331 1030 1366 latentem
1053 1332 1221 1366 malitiam
1243 1331 1453 1379 proclamata
1480 1345 1554 1366 esse
1580 1331 1774 1366 noxiorem.

475 1391 534 1436 48.
564 1390 607 1424 Hi
628 1391 759 1439 quippe
781 1391 891 1439 palam
912 1392 1086 1440 propriam
1108 1392 1324 1440 impietatem
1344 1405 1543 1440 numquam
1570 1400 1744 1427 ostentare
1771 1391 1962 1435 audentes,
1986 1405 2058 1438 gra-

371 1465 449 1486 vem
471 1464 568 1486 suam
589 1451 753 1486 adversus
775 1452 913 1487 cultum
934 1461 1097 1488 nostrum
1124 1452 1291 1488 iniuriam
1313 1453 1540 1488 subverentes
1554 1481 1561 1495 ‚
1583 1453 1782 1501 multosque
1803 1453 1910 1487 latere
1933 1460 2058 1500 putan-

372 1520 443 1554 tes,
465 1511 562 1560 quasi
587 1511 767 1547 Christum
789 1527 860 1547 non
885 1513 1068 1548 offendant
1090 1513 1177 1548 dum
1199 1514 1275 1548 eius
1297 1513 1435 1548 diviiiae
1457 1505 1603 1560 imagini
1625 1513 1878 1549 contumeliam
1898 1513 2057 1555 faciunt,

371 1572 455 1620 quid
479 1573 698 1608 moliuntur?
721 1572 814 1618 Quia
836 1574 957 1609 sciunt
979 1583 1105 1609 natura
1129 1583 1372 1623 comparatum
1393 1588 1462 1609 non
1489 1588 1580 1617 esse,
1600 1583 1640 1609 ut
1661 1588 1715 1609 res
1737 1574 1828 1622 ipsae
1850 1581 2056 1615 mutentur,

370 1634 515 1669 nomina
542 1643 661 1669 autem
688 1650 785 1683 saepe
815 1636 1095 1671 indifferentiam
1124 1650 1202 1685 prae
1225 1651 1262 1671 se
1288 1637 1400 1679 serre,
1423 1636 1466 1671 ad
1494 1636 1794 1671 denominationis
1821 1635 2058 1670 differentiam

370 1703 606 1742 procurrunt,
629 1704 661 1729 et
682 1695 862 1731 diabolicis
884 1697 1110 1743 religionibus
1133 1697 1307 1732 addictam
1328 1697 1652 1739 nomenclaturam,
1672 1693 1890 1731 venerandae
1913 1704 2059 1730 servato-

371 1756 414 1790 ris
436 1756 549 1790 nostri
575 1755 707 1790 Christi
729 1770 767 1791 ac
790 1756 859 1791 Dei
882 1757 1049 1804 imagini,
1072 1758 1106 1791 hi
1128 1758 1189 1806 qui
1210 1772 1329 1792 revera
1351 1766 1433 1793 sunt
1454 1757 1627 1792 idolorum
1653 1766 1823 1792 amatores
1837 1785 1844 1799 ,
1867 1770 2059 1792 accommo-

371 1817 452 1851 dare
480 1817 573 1851 haud
602 1817 896 1866 perhorrescunt,
920 1818 1054 1853 idolum
1081 1819 1174 1854 hane
1201 1819 1436 1867 appellantesg
1464 1827 1497 1853 et
1525 1819 1680 1853 colentes
1701 1831 1775 1852 eam
1797 1818 1859 1852 rite
1889 1816 2059 1852 Christia-

371 1891 454 1919 nos,
476 1872 671 1913 idololatras
694 1879 904 1915 vocitantes:
930 1888 988 1922 ut,
1013 1894 1078 1914 eeu
1102 1880 1129 1914 si
1150 1893 1346 1928 perversam
1374 1880 1505 1914 abhinc
1527 1880 1632 1914 fidem
1654 1888 1808 1914 nostram
1836 1879 2056 1921 invenerint,

371 1938 593 1973 stabilitatem
622 1938 729 1974 huius
759 1948 861 1987 atque
893 1940 1150 1983 constantIam,
1172 1949 1346 1988 quantum
1372 1940 1408 1974 in
1437 1940 1519 1988 ipsis
1542 1949 1611 1983 est,
1636 1948 1813 1985 evertant3
1838 1939 2057 1974 manifestam

369 1998 454 2033 hine
484 1999 662 2047 parientes
692 2000 940 2047 iniquitatem,
964 2014 1090 2048 nempe
1114 2009 1148 2035 et
1172 2001 1207 2035 iu
1232 2000 1416 2036 Christum
1444 2001 1677 2035 irreverenter
1706 2000 1956 2048 blasphemiam
1979 2013 2059 2034 eon-

370 2060 494 2094 ssantes
509 2089 517 2102 ,
541 2069 573 2094 ct
598 2069 737 2095 rectum
761 2062 1011 2109 sineerinntpie
1035 2062 1158 2108 dogma
1181 2071 1338 2097 nostrum
1363 2071 1494 2097 temere
1519 2062 1816 2110 impudenterque
1840 2068 2057 2095 accusantes.

370 2119 482 2167 Atqui
511 2129 632 2167 gentes
659 2121 805 2169 quidem
834 2122 1107 2157 misericordiam
1134 2121 1199 2156 Dei
1221 2123 1445 2165 collaudant,
1469 2136 1679 2170 quamquam
1701 2135 1815 2170 nuper
1842 2135 1883 2156 ex
1912 2120 2060 2155 infideli-

370 2190 439 2215 tate
469 2182 684 2223 exilierunt,
715 2183 918 2231 gratiaeque
947 2183 1144 2218 doctrinam
1178 2193 1397 2232 receperunt.
1427 2184 1491 2218 Isti
1520 2192 1637 2219 autem
1666 2184 1726 2232 qui
1755 2197 1855 2218 nune
1885 2182 2057 2217 dicuntur

374 2241 586 2284 Christiani,
615 2242 836 2291 maximeque
867 2243 891 2277 ii
919 2244 1046 2291 quilius
1076 2244 1263 2279 sacerdotii
1291 2244 1417 2279 tradita
1440 2244 1580 2278 videtur
1608 2243 1784 2290 dignitas,
1811 2257 1881 2277 non
1910 2243 2058 2277 horrent

372 2301 507 2343 animo,
531 2316 599 2336 non
622 2302 741 2350 lingua
764 2304 961 2350 rigescunt,
983 2305 1214 2353 blasphemiae
1237 2319 1420 2340 excessum
1443 2319 1514 2339 non
1536 2314 1722 2346 verentur,
1741 2304 1826 2339 dum
1847 2318 1881 2339 se
1903 2304 2055 2351 aliosque

374 2362 591 2397 Christianos
619 2378 739 2399 omnes
754 2393 761 2406 ,
784 2364 854 2399 Uei
883 2366 1081 2414 portionem
1105 2375 1139 2401 et
1164 2366 1295 2401 Christi
1324 2366 1576 2409 hereditatem,
1598 2366 1813 2400 daemonnm
1834 2365 2055 2413 impurorum

370 2422 596 2457 hereditatem
624 2425 821 2472 appellant?
850 2426 923 2460 Iam
954 2427 1087 2461 etiamsi
1109 2427 1174 2461 sibi
1197 2427 1277 2462 solis
1301 2427 1488 2476 apostasiae
1511 2436 1545 2462 et
1569 2427 1776 2473 irreligionis
1796 2428 1922 2460 famam
1950 2426 2056 2474 impo-

370 2492 519 2526 nerent,
541 2485 699 2519 omnium
727 2500 807 2520 sane
837 2487 1022 2522 hominum
1050 2475 1237 2523 miserrimi
1265 2497 1297 2523 et
1326 2488 1483 2537 apprime
1509 2487 1733 2523 detestabiles
1761 2487 2055 2522 existimarentur.

373 2543 482 2578 Nune
510 2558 592 2579 vero
620 2559 734 2593 quum
761 2547 924 2582 adversus
947 2563 1066 2583 omnes
1088 2549 1232 2583 omnino
1261 2548 1486 2583 admirandae
1516 2556 1653 2582 nostrae
1678 2562 1852 2595 veraeque
1879 2547 2058 2594 religionis

375 2613 558 2639 consortes
574 2634 581 2648 ,
605 2606 724 2653 impias
750 2607 887 2654 linguas
912 2610 1183 2653 commoverint,
1205 2609 1268 2658 qui
1289 2610 1366 2644 fieri
1389 2618 1500 2658 potest
1523 2617 1562 2643 ut
1582 2608 1737 2643 divinam
1758 2609 1844 2643 iram
1867 2623 1936 2643 non
1960 2623 2059 2657 expe-

373 2667 508 2701 riantur
528 2667 710 2715 suppliciis
732 2670 965 2705 acerbissimis
992 2672 1152 2707 addicti?
1182 2662 1252 2707 Sed
1276 2672 1372 2707 enim
1393 2672 1434 2706 ad
1458 2670 1660 2719 prophetica
1685 2671 1823 2705 oracula
1854 2680 2061 2707 converten-

372 2727 437 2761 dus
466 2742 579 2763 sermo
600 2737 658 2763 est.
688 2728 803 2775 Igitur
823 2731 979 2766 homines
1001 2747 1041 2767 ex
1065 2733 1202 2768 cunetis
1230 2733 1396 2779 gentibus
1417 2746 1456 2767 ae
1477 2732 1607 2779 linguis
1634 2732 1847 2780 cunctisque
1870 2732 2058 2780 stirpibus,

372 2788 534 2823 mortales
564 2803 604 2823 ex
633 2789 799 2825 universo
830 2799 1000 2826 terrarum
1030 2794 1114 2827 orbe
1142 2793 1266 2828 insulis
1293 2802 1398 2842 atque
1424 2793 1507 2828 mari
1536 2793 1600 2827 suh
1628 2806 1701 2827 uno
1723 2807 1800 2840 rege
1826 2793 2059 2836 constitutos,

373 2862 558 2899 unumque
585 2850 774 2886 dominum
795 2865 832 2886 ae
854 2851 970 2887 Deum
994 2862 1025 2888 et
1049 2854 1247 2902 principem
1267 2862 1498 2902 agnoscentes
1523 2853 1725 2890 invocantes
1751 2863 1856 2903 atque
1879 2854 2059 2897 colentes,
