2203 3331
608 235 773 258 ‚surr-„asts
799 233 1047 257 CONSTANTINL'M
1076 232 1310 255 coenoman-u.
1745 220 1809 254 133

118 291 404 334 circumstantia,
428 299 462 326 et
491 290 599 339 ipsius
628 291 800 326 terminus
828 299 932 338 atque
961 289 1057 324 ratio.
1086 288 1177 322 Nam
1205 288 1232 321 si
1261 288 1337 335 quis
1358 286 1503 322 definiat
1525 301 1652 335 corpus
1675 287 1806 336 triplici

118 354 284 403 qualitate
310 360 490 393 constare,
508 352 563 386 vel
585 351 788 400 physicum,
807 350 1028 397 organicum,
1046 348 1168 382 intima
1189 348 1316 382 virtute
1338 348 1471 393 vivens3
1491 347 1544 382 vel
1564 348 1751 394 figuratum
1774 357 1805 382 et

120 414 279 450 terminis
303 413 619 461 comprehensum,
641 426 727 460 quae
750 411 866 446 omnia
889 409 997 445 nostri
1018 409 1169 457 corporis
1189 407 1327 456 propria
1349 416 1451 450 sunt,
1475 408 1560 442 nihil
1583 408 1679 443 aliud
1701 423 1807 457 quam

121 475 205 510 illud
231 489 302 509 csse
330 474 636 521 circumscriptum
661 472 879 520 significabit.

223 535 307 570 Posi
338 535 640 569 resurrectionem
662 534 768 581 igitur
789 547 807 567 a
827 531 996 574 mortuis,
1020 530 1153 566 Christi
1174 544 1301 578 corpus
1315 558 1323 572 ,
1345 543 1558 578 quamquam
1583 530 1744 564 deificato
1767 530 1807 564 si-

120 596 202 631 mile
233 604 343 630 totum
372 595 551 644 apparuit,
579 594 690 629 nihilo
718 603 834 628 tamen
864 593 979 627 minus
1009 606 1133 640 corpus
1162 591 1350 627 remansit:
1378 605 1448 624 nou
1478 591 1570 625 enim
1598 591 1639 624 ad
1667 591 1806 625 deitatis

119 658 350 691 substantiam
380 665 429 691 est
456 656 752 691 transformatum.
782 653 874 689 Natu
910 653 1003 702 quod
1033 652 1196 687 Christus
1231 651 1430 686 secundum
1464 665 1606 685 carnem
1635 651 1705 686 iam
1734 666 1806 686 non

122 719 322 766 agnoscitur
337 720 373 760 ᾗ,
390 717 482 752 haud
502 717 604 751 nobis
627 716 795 762 significat
817 715 969 763 corporis
989 714 1217 749 cessationem
1235 721 1295 748 aut
1315 712 1589 760 depositionem,
1611 721 1692 747 suut
1714 713 1809 747 enini

118 780 182 814 hae
202 779 500 814 Manichaeorum
517 777 771 812 alucinationes
784 804 791 818 ,
811 775 869 810 sed
887 776 982 824 quod
1003 775 1236 823 corporalibus
1255 773 1526 808 necessitatibus
1547 773 1588 807 sit
1609 781 1785 820 exemptus
1800 802 1807 813 ,

120 849 153 875 et
182 855 220 874 ex
250 839 447 874 carnalibus
475 837 731 872 adfectionibus
758 845 950 885 nostraque
982 835 1182 872 infirmitate
1213 835 1419 877 excesserit,
1442 842 1525 882 puta
1551 834 1664 868 labore
1688 848 1729 868 ex
1756 833 1809 867 iti-

122 915 224 943 nere,
242 900 323 942 siti,
346 900 453 941 fame,
476 913 621 947 pavore,
644 907 677 932 et
698 898 725 932 si
746 898 831 946 quid
853 897 946 932 aliud
971 906 1021 932 est
1041 896 1253 931 huiusmodi.
1276 903 1298 917 ‘⁴
1323 894 1408 930 Non
1431 895 1526 930 enim
1547 894 1614 928 iam
1636 908 1715 929 caro
1738 903 1806 936 est,

121 990 144 998 .,
173 975 288 1008 neque
313 969 427 994 tamen
449 968 501 994 est
525 959 775 1006 incorporeus,
794 958 857 992 sed
887 972 926 993 eo
941 987 948 1001 ‚
971 971 1079 1007 quem
1108 958 1179 1005 ipse
1207 957 1294 999 scit,
1317 956 1471 991 deificati
1499 955 1654 1003 eorporis
1679 954 1782 989 modo
1797 984 1805 997 ‚

121 1050 144 1063 .‚
174 1030 210 1055 nt
234 1034 382 1067 magnus
403 1020 579 1068 praedicat
602 1019 794 1066 Gregorius
819 1021 882 1067 (1).
905 1047 928 1061 ,,
947 1017 1105 1054 Deinde:
1128 1025 1151 1038 *⁶
1172 1017 1269 1066 quod
1291 1018 1355 1052 hoe
1378 1016 1602 1065 corruptibile
1626 1015 1727 1050 indui
1749 1016 1808 1051 de·

121 1111 143 1125 7,
173 1082 252 1116 beat
282 1081 634 1129 incorruptibilitate‚
658 1089 692 1114 et
721 1080 865 1115 mortale
894 1079 967 1114 fieri
994 1079 1185 1113 immortale
1215 1107 1237 1121 „
1264 1092 1415 1125 magnus
1444 1078 1549 1112 docet
1577 1077 1753 1125 apostolus
1780 1079 1807 1114 *ἦ

119 1143 193 1178 Sed
217 1158 344 1192 corpus
365 1142 686 1190 incorporalitatem
707 1142 774 1176 sibi
795 1141 944 1176 induere
958 1169 966 1183 ,
988 1141 1042 1175 vel
1064 1149 1223 1175 creatum
1246 1140 1321 1174 sieri
1344 1139 1562 1182 increatum,
1583 1139 1635 1174 vel
1662 1139 1810 1174 circum-

118 1204 292 1252 scriptum
322 1204 365 1238 ad
395 1203 798 1250 incircumscriptionem
821 1202 1071 1244 transmutari,
1095 1201 1254 1236 nondum
1278 1201 1319 1235 ad
1343 1201 1435 1235 hanc
1460 1215 1570 1249 usque
1592 1200 1685 1234 diem
1712 1200 1810 1235 audi-

121 1274 195 1299 tum
219 1274 279 1299 est.
302 1264 397 1299 Haec
418 1264 544 1312 partim
565 1264 749 1306 attributa2
770 1264 1063 1311 incorporeorum
1085 1277 1230 1311 queque
1253 1271 1337 1297 sunt
1358 1262 1518 1310 propria,
1537 1262 1621 1310 quia
1642 1270 1675 1296 et
1697 1262 1809 1309 angeli

120 1333 277 1360 creatura
301 1324 371 1360 Dei
398 1333 502 1367 sunt,
525 1333 557 1359 ct
581 1333 757 1372 quatenus
784 1324 928 1359 initium
952 1323 1106 1358 habuere
1122 1352 1130 1366 ,
1152 1331 1304 1371 tempore
1329 1331 1413 1357 sunt
1439 1322 1705 1370 circumscripti.

219 1385 424 1420 Dicendum
447 1394 499 1420 est
522 1399 604 1432 ergo
619 1413 626 1427 -,
651 1394 758 1433 prout
783 1384 1069 1420 Christianorum
1090 1385 1278 1432 profitetur
1301 1383 1419 1431 religio
1434 1412 1442 1425 ,
1465 1383 1533 1418 sive
1556 1383 1747 1418 catholicae
1776 1392 1807 1418 et

115 1445 320 1493 apostolicae
346 1446 515 1480 ecelesiae
541 1446 644 1480 tradit
666 1446 850 1488 doctrina⁷
873 1445 1053 1480 Christum
1072 1444 1191 1479 Deum
1212 1453 1378 1479 nostrum
1400 1452 1473 1493 post
1496 1444 1652 1478 reditum
1676 1443 1712 1478 in
1737 1459 1808 1479 cae-

116 1507 187 1549 los,
211 1515 245 1541 et
266 1521 364 1541 suam
386 1507 428 1541 ad
452 1507 631 1541 dexteram
651 1506 720 1541 Dei
743 1507 849 1555 patris
876 1507 1066 1541 sessionem
1089 1514 1122 1540 et
1143 1505 1431 1548 collocationem,
1454 1513 1649 1553 susceptam
1673 1520 1809 1540 conser-

115 1567 242 1601 vavisse
271 1567 364 1602 haud
386 1567 611 1602 imminutam
640 1576 826 1610 naturam,
848 1568 1053 1616 nullamque
1077 1582 1117 1602 ex
1144 1567 1357 1614 integrarum
1380 1580 1529 1601 numero
1555 1575 1689 1614 partem
1719 1567 1809 1602 abie-

111 1628 223 1664 cisse:
246 1628 338 1663 idem
366 1628 462 1663 enim
490 1643 614 1677 corpus
644 1629 679 1663 in
710 1643 749 1664 eo
780 1637 1028 1671 conservatur,
1050 1643 1115 1663 nec
1144 1642 1216 1663 non
1247 1628 1364 1662 aniina
1391 1642 1460 1676 qua
1488 1628 1687 1671 animatur,
1708 1628 1808 1663 ratio-

116 1687 206 1722 nalis
230 1697 263 1723 et
283 1689 553 1732 intellectualis,
575 1689 791 1724 voluntativa
816 1698 850 1725 et
873 1690 1004 1732 activa²
1028 1703 1095 1738 qua
1124 1689 1197 1723 vult
1220 1697 1253 1723 et
1277 1688 1368 1736 gerit
1396 1702 1516 1723 rerum
1544 1689 1703 1723 omnium
1731 1704 1807 1737 pro-

111 1749 303 1784 videntiam
332 1758 364 1784 et
395 1750 722 1793 conservationem,
747 1759 787 1785 ut
811 1750 982 1785 divinitus
1010 1750 1058 1785 ita
1087 1750 1192 1785 etiam
1212 1749 1437 1795 humanitus3
1463 1749 1648 1784 advocatus
1670 1758 1721 1784 est
1744 1764 1805 1798 pro

112 1810 215 1845 nobis
236 1811 328 1859 apud
356 1819 489 1859 patrem
517 1813 630 1846 factus
646 1840 654 1853 ‚
676 1820 906 1860 nostramque
928 1811 1180 1846 administrans
1206 1811 1373 1853 salutem,
1397 1819 1432 1845 et
1459 1810 1599 1845 utilium
1627 1811 1726 1845 nobis
1755 1825 1805 1845 re—

112 1883 192 1905 rum
221 1871 480 1906 exhibitionem.
510 1871 659 1920 Insuper
687 1872 895 1906 memoriam
923 1872 1051 1906 retinet
1080 1871 1297 1906 sanctissima
1320 1871 1375 1905 illa
1397 1879 1432 1905 et
1453 1871 1569 1905 divina
1593 1871 1707 1905 anima
1736 1885 1805 1906 om-

110 1932 213 1966 nium
239 1946 326 1980 quae
351 1932 513 1968 Christus
544 1946 626 1968 cnm
646 1933 851 1968 hominibus
874 1933 909 1967 in
932 1941 1022 1967 terra
1050 1947 1187 1967 rersans
1208 1946 1272 1980 pro
1298 1941 1414 1967 nostra
1444 1932 1553 1966 salute
1579 1932 1649 1979 egit
1672 1947 1804 1980 passus-

113 2007 182 2042 que
212 2002 281 2030 est:
307 1994 555 2042 cognoscitque
583 2008 618 2029 se
646 1995 865 2042 hypostatice
894 1994 1015 2029 divino
1037 1994 1157 2029 Verbo
1187 1995 1344 2037 unitam,
1366 1994 1529 2042 videtque
1560 2007 1594 2028 se
1623 1994 1803 2029 coadorari

111 2068 195 2088 cum
223 2068 262 2089 eo
291 2063 468 2104 tamquam
496 2055 565 2090 Dei
591 2055 765 2099 animam,
795 2065 829 2091 et
858 2070 930 2091 non
958 2056 1160 2104 simpliciter
1187 2056 1360 2097 animam,
1389 2056 1430 2090 ab
1459 2056 1552 2090 omni
1583 2055 1739 2090 rationali
1769 2065 1804 2091 et

113 2115 329 2161 intelligente
363 2125 532 2152 creatura.
560 2116 670 2152 Novit
698 2117 783 2151 item
810 2132 843 2152 se
873 2117 916 2152 de
946 2126 1035 2152 terra
1066 2119 1102 2151 in
1133 2117 1267 2152 caelum
1304 2116 1579 2152 conscendisse.
1608 2130 1800 2164 rursusque

114 2188 196 2210 cum
222 2176 330 2223 patris
351 2177 534 2212 maiestate
554 2186 751 2213 venturam.
780 2177 872 2225 Ergo
894 2179 930 2213 in
955 2179 1091 2213 caelum
1112 2179 1205 2213 abire
1220 2207 1228 2221 ,
1251 2186 1283 2213 et
1312 2177 1462 2212 vicissim
1487 2177 1620 2220 redire,
1643 2177 1735 2225 quod
1756 2178 1803 2212 lo-

115 2236 223 2271 calem
244 2251 392 2284 prorsus
410 2237 579 2272 describit
600 2239 879 2282 translationem,
900 2248 932 2274 et
951 2240 1224 2275 ambulatorium
1246 2239 1383 2274 exhibet
1402 2247 1556 2281 motum,
1574 2239 1636 2273 hae
1656 2239 1802 2287 inquam

114 2297 371 2346 circumscripti
395 2298 550 2346 corporis
573 2300 793 2347 operationes
818 2314 889 2334 csse
912 2309 1123 2336 noscuntur.
1154 2300 1283 2335 Sedere
1306 2308 1424 2334 autem
1448 2299 1627 2334 Christum
1653 2299 1696 2334 ad
1725 2299 1803 2334 dcx-

113 2366 223 2392 teram
242 2357 309 2393 Dei
333 2359 440 2406 patris
465 2373 544 2394 cuni
568 2374 735 2408 corpore,
757 2374 839 2395 cum
861 2361 1032 2404 dicimus,
1053 2361 1147 2396 haud
1172 2361 1362 2408 cogitamus
1382 2360 1423 2395 de
1443 2360 1581 2395 dextera
1601 2360 1670 2395 loci
1689 2369 1800 2408 parte:

111 2432 226 2467 neque
249 2420 344 2454 enim
364 2421 693 2469 incircumscriptus
712 2430 808 2469 pater
825 2422 968 2457 habebit
990 2436 1155 2470 uniquam
1178 2422 1342 2457 dexterae
1365 2430 1425 2456 aut
1447 2422 1610 2456 sinistrae
1629 2422 1800 2470 speciem3

109 2479 170 2514 sed
199 2479 343 2527 gloriam
370 2481 612 2530 honoremque
641 2484 792 2517 fatemur
810 2511 817 2525 ,
847 2497 916 2530 qua
944 2482 1102 2517 Verbum
1120 2512 1128 2526 ‚
1156 2492 1277 2531 utpote
1306 2481 1374 2517 Dei
1402 2483 1496 2517 filius
1525 2496 1564 2517 ac
1592 2481 1692 2517 Deus
1721 2490 1799 2516 ante

109 2541 271 2584 saecula,
294 2550 329 2577 et
356 2543 449 2590 patri
479 2543 807 2587 consubstantialiS,
832 2544 879 2578 ita
909 2544 1017 2578 ctiam
1045 2557 1126 2579 cum
1157 2558 1259 2578 carne
1282 2544 1472 2578 honoratur
1501 2552 1532 2578 et
1561 2543 1799 2590 glorificatur,

109 2615 292 2650 unamque
315 2611 349 2638 et
371 2603 526 2639 eamdem
550 2617 631 2639 cum
655 2619 797 2652 corpore
821 2605 863 2639 ab
885 2605 1050 2639 omnihus
1072 2604 1198 2652 recipit
1225 2604 1488 2647 adorationem,
1512 2604 1799 2653 quandoquidem

110 2675 182 2696 una
212 2671 265 2697 est
292 2664 493 2712 hypostasis.
525 2664 624 2700 Ciuis
654 2665 770 2713 itaque
800 2666 887 2699 siant
918 2664 1051 2699 Christi
1079 2665 1232 2699 hostium
1257 2665 1420 2712 linguae,
1445 2673 1479 2700 et
1508 2665 1667 2713 ipsorum
1694 2663 1797 2699 corda

111 2726 333 2760 exarescant!
354 2733 461 2774 atque
490 2740 525 2761 os
554 2726 701 2774 loquens
729 2727 850 2775 iniqua
879 2726 1042 2761 adversus
1070 2726 1253 2761 veritatem
1282 2726 1418 2762 cunctis
1446 2727 1556 2775 palam
1586 2725 1796 2774 expositam,

110 2783 304 2831 oppiletur!

188 2919 221 2949 (12
244 2916 325 2952 Creg⁴
348 2917 471 2945 nazianz.
492 2922 560 2946 orat.
582 2919 641 2946 XL.
663 2923 706 2946 45».
730 2919 796 2947 vide
815 2921 898 2947 etiam
918 2924 986 2947 orat.
1008 2920 1068 2946 ΥΠ,
1090 2922 1133 2946 21.

1659 2970 1689 2995 15

1844 662 2051 682 ’11.(’11Γ,Χ111ἱ.

1844 1089 1855 1098 “
1866 1089 1880 1109 1.
1892 1090 1946 1110 (hir.
1960 1090 2006 1110 XX*
2022 1094 2052 1110 ι·
