2203 3331
174 863 181 870 ‘
197 866 230 885 giu
255 855 379 881 {vasso-ri-

173 903 214 925 ίαν

281 1101 289 1108 “
304 1104 337 1123 gr.
355 1106 378 1121 η.

217 1226 223 1231 ‘
241 1223 275 1243 Ρι
290 1223 345 1243 (ἶ111Δ
363 1226 382 1242 t,

244 1464 281 1484 cr.
300 1471 321 1491 qr*
340 1467 383 1484 ΗΑ.

407 174 477 206 210
1003 181 1031 204 s.
1059 181 1231 205 Nicsrnom
1258 180 1493 203 Ammoi-tricus

410 254 428 272 o
451 236 584 271 Paule?
604 234 639 269 hi
666 242 749 269 sunt
772 233 991 271 Clwrubini?
1020 236 1198 282 Quosnam
1219 236 1279 270 hos
1309 249 1380 270 esse
1410 235 1601 270 audimus?
1625 235 1722 271 Num
1748 237 1843 279 illos,
1867 237 1928 286 qui
1956 238 2086 286 princi-

410 310 489 345 pem
512 305 545 330 ct
566 295 644 329 Deo
666 295 880 344 proximum,
904 296 1154 345 beatorumque
1178 306 1209 331 et
1240 296 1548 344 supercaelestium
1570 296 1837 342 gubernatorum
1868 298 1980 332 sortiti
2002 308 2084 334 sunt

409 372 427 392 a
451 357 526 391 l)co
550 355 692 402 gradum
717 364 748 390 ct
770 356 952 402 ordinem;
980 366 1015 392 ut
1046 358 1133 392 iuste
1163 356 1351 391 admodum
1379 356 1558 402 egi-eglom
1581 356 1706 403 gloriae
1728 358 1897 393 tributum
1920 359 1985 393 illis
2011 360 2087 394 red-

409 418 531 459 datur,
551 431 614 451 ccu
636 416 713 451 Deo
735 417 918 464 proximis,
937 426 970 452 et
994 418 1230 466 principaliter
1250 418 1331 452 inde
1354 417 1573 464 fulgentibus
1594 425 1627 451 et
1649 417 1864 453 immateriali
1887 419 1943 454 illo
1965 429 1996 454 et
2019 420 2086 454 exi-

409 479 477 513 mio
506 477 687 525 splendore
717 478 873 513 ornatis?
900 477 1053 513 Minime
1083 479 1238 525 gentium
1266 478 1372 513 dices.
1401 477 1499 523 Quid
1528 492 1607 525 ergo
1638 480 1768 514 erunt?
1796 479 1834 513 Si
1865 480 1927 515 tibi
1956 480 2085 514 volenti

412 548 462 573 est
477 568 484 581 ,
505 538 563 573 div
592 547 706 586 aperte
731 547 765 574 et
786 539 912 573 horum
932 540 983 573 sac
1009 539 1108 573 nobis
1129 547 1330 575 accuratam
1352 539 1599 587 expositionem
1614 567 1621 581 ,
1644 553 1789 574 crassam
1816 549 1969 575 nostram
1991 554 2088 575 inen-

414 609 481 634 tem
504 613 543 633 ac
567 599 778 634 materialem
799 614 837 634 ac
860 599 1019 633 deorsum
1041 608 1259 646 vergentem,
1281 599 1323 634 ad
1347 599 1519 647 simplices
1543 599 1753 648 divinasque
1767 628 1775 643 ,
1796 609 1967 648 quantum
1987 601 2088 636 nobis

411 660 515 701 licet,
537 659 717 694 deducens
739 659 1076 707 contemplationes,
1099 674 1116 694 a
1139 660 1264 708 quibus
1289 660 1348 694 tibi
1378 674 1487 708 usquc
1512 660 1554 694 ad
1586 661 1728 695 tertium
1752 660 1887 695 caelum
1914 669 2034 708 raptus
2057 669 2089 696 ct

413 719 570 755 ascensio
600 719 735 755 initiato
766 719 923 766 contigit.
951 719 1007 753 An
1037 720 1178 754 sortasse
1209 720 1313 754 etiam
1341 720 1493 754 divinius
1521 720 1652 768 aliquid
1681 733 1785 768 quain
1813 720 1875 768 ipsi
1903 720 2021 768 Moysi
2049 735 2089 755 ac

413 780 594 815 sublimius
615 788 795 815 ostensum
823 780 910 821 fuit,
931 779 1025 827 qnod
1050 787 1083 813 et
1105 779 1272 814 divinitus
1302 780 1430 815 edoctis
1458 780 1639 828 discipulis
1664 781 1732 815 tuis
1760 780 1927 815 irradians
1952 781 2091 829 reliqui-

415 841 455 875 sti
479 840 519 875 ad
548 840 775 876 excellentius
796 842 813 860 *³¹
834 839 1069 886 magisterium
1091 839 1253 882 illorum,
1277 841 1339 888 qui
1362 849 1535 875 tantarum
1556 855 1673 875 rerum
1703 841 1941 888 cognitionem
1967 856 2090 889 capere

415 901 551 937 valent?
573 901 680 936 Dices
702 901 797 935 enim
819 901 883 935 lioc
906 902 1013 934 serinc
1035 899 1155 942 modi),
1178 908 1216 934 ut
1234 914 1304 934 non
1326 901 1548 944 dubitamus,
1567 915 1692 949 nempe
1710 916 1822 937 sacros
1845 902 2091 944 Cherubinos,

417 962 495 996 ideo
518 962 610 1009 quod
633 962 707 996 sine
731 961 845 1009 specie
869 969 971 1003 sunt,
992 961 1165 995 hnmanae
1189 960 1332 995 minime
1354 970 1498 996 naturae
1521 976 1590 996 esse
1615 963 1877 1011 conspicabiles.
1906 962 1950 997 Et
1976 970 2092 997 tamen

417 1021 593 1070 potentiae
616 1030 697 1056 sunt
719 1021 964 1068 incorporeae,
987 1021 1244 1063 sanctissimae,
1264 1019 1384 1055 Deum
1407 1021 1694 1064 circumstantes,
1715 1031 1750 1057 et
1771 1023 1934 1070 primitus
1955 1037 1995 1057 ex
2018 1022 2092 1057 Deo

1736 1110 1753 1130 t>

421 1142 547 1176 tei-ialis
570 1151 603 1176 ct
627 1142 874 1189 incorporeus:
897 1148 918 1162 ‘·
945 1141 1006 1189 qui
1027 1141 1131 1183 sacis,
1154 1141 1271 1189 inquit
1292 1141 1489 1189 psalmista,
1511 1142 1652 1189 angelos
1673 1150 1751 1178 tuos
1766 1171 1773 1185 ,
1795 1143 1954 1191 spiritus,
1976 1152 2010 1177 et
2034 1143 2096 1177 mi-

419 1083 646 1128 csl‘ulgcntcs,
668 1082 796 1129 primae
823 1081 912 1116 lucis
941 1081 1115 1123 ministri,
1137 1081 1389 1116 intellectuales
1418 1082 1578 1129 spiritus,
1603 1082 1656 1117 vel
1680 1084 1697 1103 Ψ
1721 1083 1812 1118 ionis
1840 1084 1947 1118 veluti
1975 1084 2094 1118 imma-

422 1232 444 1246 „
474 1203 600 1237 nistros
624 1211 722 1245 tuos,
745 1203 863 1249 ignem
883 1211 1045 1237 urentem
1063 1204 1089 1238 *ἶ
1112 1231 1135 1246 ‚,
1157 1202 1403 1238 Communiter
1426 1205 1521 1238 enim
1544 1205 1609 1239 lioc
1631 1204 1776 1252 parique
1798 1204 1899 1239 modo
1922 1205 1965 1239 de
1989 1205 2097 1239 caele-

419 1263 530 1298 stibus
553 1264 692 1298 cunctis
714 1263 881 1311 potentiis
903 1263 1056 1305 dicitnr,
1078 1277 1165 1311 quae
1187 1272 1312 1298 natura
1335 1264 1472 1312 propria
1494 1273 1533 1299 ut
1555 1264 1763 1300 immortales
1788 1265 1857 1299 sint
1880 1273 1912 1300 et
1934 1265 2098 1300 interitui

419 1338 491 1359 non
520 1324 710 1367 obnoxiae,
732 1339 750 1358 a
777 1324 941 1359 creatoris
968 1324 1137 1359 beneficio
1166 1324 1308 1360 habent.
1337 1324 1391 1359 Illi
1418 1333 1537 1360 autem
1561 1340 1649 1373 quae
1672 1340 1770 1360 arcae
1801 1325 2041 1373 supervolant,
2064 1335 2097 1360 et

420 1385 551 1420 alarum
578 1399 720 1420 suarum
747 1385 869 1419 umbra
898 1384 1180 1433 propitiatorium
1209 1385 1395 1428 obvelant,
1417 1385 1599 1420 materialis
1622 1386 1745 1434 utique
1770 1395 1853 1421 sunt
1882 1386 2099 1420 substantiae

420 1455 449 1481 ct
474 1447 641 1495 eorporis.
663 1446 825 1494 Namque
847 1460 931 1481 auro
950 1446 1133 1494 purissimo
1155 1454 1335 1489 constant,
1355 1446 1478 1481 malleo
1498 1455 1671 1494 tornoque
1691 1455 1725 1481 et
1746 1447 1903 1482 humanis
1921 1447 2097 1489 manibus,

422 1520 573 1554 superna
601 1506 765 1554 sapientia
787 1514 889 1554 atque
913 1514 988 1541 arte
1012 1506 1199 1542 adiuvante
1214 1534 1222 1549 ‚
1243 1507 1372 1554 optime
1396 1506 1581 1549 elaborati,
1604 1507 1749 1554 egregiiS
1770 1515 1804 1541 et
1824 1507 1914 1541 bene
1936 1507 2099 1542 deductis

421 1567 559 1602 laminis
584 1567 755 1602 fabricati.
782 1566 864 1602 Ideo
889 1566 989 1601 variis
1014 1581 1157 1616 quoque
1180 1567 1303 1602 l'ormis
1328 1567 1479 1615 praediti
1505 1568 1712 1604 creduntur.

525 1626 643 1662 Addes
672 1628 798 1670 etiam,
826 1636 865 1663 ut
893 1627 1087 1662 orationem
1115 1627 1291 1674 eleganter
1318 1628 1464 1670 sarcias,
1495 1627 1717 1663 Che-rubinos
1744 1629 1842 1671 illos,
1871 1629 1998 1677 quibus
2025 1643 2101 1677 pro-

424 1689 496 1737 prie
524 1690 590 1723 hoc
618 1702 745 1723 nomen
775 1689 956 1731 inhaeret,
980 1689 1187 1723 substantias
1216 1703 1285 1723 esse
1311 1689 1568 1724 intellectuales
1597 1698 1630 1724 et
1658 1690 1918 1736 intelligibiles,
1940 1704 2030 1738 quae
2060 1705 2100 1726 ex

426 1763 586 1796 suprema
608 1758 642 1784 et
668 1749 826 1784 omnium
854 1749 1011 1784 auctrice
1041 1763 1162 1791 causa,
1184 1749 1432 1797 sempiternam
1456 1758 1489 1784 et
1514 1749 1788 1784 intellectualem
1816 1750 1921 1784 vitam
1947 1750 2101 1793 habent,

428 1809 700 1844 substantialiter
727 1810 814 1844 hanc
836 1809 909 1858 ipso
934 1810 1152 1857 intelligendi
1174 1818 1255 1845 actu
1284 1810 1499 1858 accipientes
1513 1838 1520 1852 ,
1542 1809 1690 1845 virtutes
1718 1810 1969 1845 intellectuales
1984 1839 1991 1853 ,
2012 1811 2102 1846 vires

428 1870 698 1918 cnliypostaticas
712 1899 719 1912 ,
742 1879 877 1905 mentes
905 1870 1207 1918 supramnndanas
1221 1899 1228 1913 ‚
1254 1884 1344 1919 quae
1375 1870 1635 1913 immateriales,
1657 1870 1883 1918 impassibiles
1897 1899 1904 1913 ,
1927 1879 1961 1905 et
1988 1871 2102 1906 incor-

427 1945 548 1978 poreae
573 1945 643 1965 csse
668 1930 941 1977 intelliguntur,
963 1944 1123 1978 quaeque
1147 1930 1235 1965 ultra
1259 1930 1456 1965 mundanos
1484 1930 1571 1966 fines
1600 1930 1803 1977 intelligunt
1831 1931 1946 1965 onmia
1975 1930 2104 1978 simpli-

427 1992 516 2026 citer
546 2000 579 2026 et
608 1992 671 2026 sub
699 2005 771 2026 una
798 1991 914 2039 specie
945 2001 1094 2033 cuncta,
1118 2006 1208 2040 quae
1238 2006 1277 2026 ex
1306 1991 1381 2026 Deo
1411 1992 1601 2038 effulgent,
1625 1991 1746 2026 eodem
1773 1999 1927 2039 tempore
1957 2005 2103 2040 unoque

426 2052 554 2086 mentis
583 2052 727 2087 intuitu.
763 2050 833 2086 Sed
862 2060 894 2086 et
922 2052 1041 2086 multis
1073 2051 1183 2086 oculis
1212 2052 1377 2087 instructi
1406 2052 1619 2095 traduntur,
1646 2052 1729 2100 quia
1759 2065 1884 2099 nempe
1913 2052 1956 2086 ad
1984 2051 2104 2087 Deum

428 2113 649 2160 respiciunt,
681 2121 715 2147 et
744 2126 835 2160 quae
867 2112 947 2160 ipsis
977 2113 1198 2148 continenter
1226 2102 1559 2155 index-evelantur,
1588 2112 1783 2147 immediate
1814 2112 2104 2160 contemplantur.

431 2172 523 2207 Cum
551 2182 667 2207 autem
694 2172 869 2220 simplices
891 2173 960 2206 sint
987 2181 1019 2207 et
1047 2173 1177 2222 absque
1207 2173 1341 2220 specie,
1365 2173 1508 2207 cuilibet
1535 2174 1665 2207 formae
1688 2186 1726 2207 ac
1748 2173 1878 2219 figurae
1907 2173 2104 2220 superiores

430 2242 509 2268 sunt
530 2234 674 2282 eiusque
695 2234 887 2281 incapaces.
917 2232 1104 2278 Quatenus
1126 2242 1244 2268 autem
1265 2234 1511 2268 immateriales
1538 2233 1807 2281 incorporeique
1833 2233 2102 2280 intelliguntur,

430 2294 646 2328 dimensione
681 2302 799 2329 carent
833 2303 865 2329 et
898 2303 980 2328 sunt
1008 2294 1271 2342 impalpabiles,
1299 2295 1553 2342 quantitatem,
1581 2294 1879 2341 magnitudinem,
1907 2294 2105 2342 qualitatem

430 2354 560 2388 nullam
586 2355 733 2397 babent,
761 2355 909 2403 ideoque
941 2355 1243 2404 corruptibilitatis
1272 2363 1450 2402 expertes,
1480 2363 1515 2389 et
1541 2355 1637 2389 omni
1664 2354 1892 2389 mutabilitate
1920 2351 2104 2389 immunes.

430 2414 479 2448 At
501 2414 549 2448 illi
572 2415 631 2462 qui
654 2416 837 2450 constituti
861 2424 940 2450 sunt
969 2416 1007 2450 in
1037 2415 1262 2450 tabernaculo
1287 2415 1484 2450 Clierubini
1512 2429 1597 2450 auro
1625 2415 1812 2456 elaborati,
1835 2428 1946 2461 neque
1971 2423 2107 2449 mentes

432 2483 535 2517 sunt,
557 2489 671 2522 neque
700 2476 974 2519 intellectuales,
996 2491 1110 2524 neque
1141 2476 1313 2523 cogitant,
1336 2490 1452 2524 neque
1483 2489 1622 2510 sensum
1650 2475 1840 2516 habebant,
1864 2474 2021 2522 nihilque
2051 2475 2108 2509 lio-

431 2549 511 2570 rum
533 2544 623 2570 sunt.
652 2535 743 2570 Item
764 2537 834 2570 vita
855 2545 889 2571 et
909 2537 941 2571 vi
962 2537 1081 2584 quavis
1112 2545 1215 2584 atque
1244 2537 1398 2571 efficacia
1421 2544 1559 2581 carentg
1584 2535 1644 2569 sed
1673 2548 1813 2582 corpora
1840 2543 1925 2569 sunt
1952 2535 2111 2569 materia-

432 2595 495 2637 lia,
514 2596 644 2630 etiamsi
668 2596 808 2630 illorum
829 2597 954 2631 lamina
975 2597 1017 2631 de
1039 2597 1225 2646 purissima
1247 2596 1502 2644 splendidaque
1524 2595 1663 2630 materia
1683 2603 1741 2630 est.
1765 2594 1808 2629 lli
1831 2608 1912 2641 ergo
1934 2609 2014 2629 cum
2039 2595 2111 2630 sint

433 2670 593 2704 corpora,
612 2656 822 2704 materiaque
845 2666 876 2691 et
900 2659 1012 2692 forma
1034 2667 1217 2701 constent,
1236 2658 1359 2692 merito
1383 2666 1417 2692 et
1438 2657 1701 2691 conformantur
1723 2663 1756 2690 et
1778 2657 1991 2701 ligurantur,
2014 2656 2108 2690 unde

433 2718 472 2752 sit
495 2725 532 2752 ut
554 2731 667 2765 neque
690 2717 817 2764 absque
843 2719 1131 2766 corruptibilitate
1155 2728 1191 2753 et
1212 2719 1446 2754 mutabilitate
1468 2718 1546 2753 sint.
1576 2717 1739 2764 Cuinque
1762 2717 1932 2764 triplicem
1956 2718 2111 2752 habeant

433 2779 707 2819 dimensionem,
731 2779 926 2826 quantitate
952 2780 1106 2826 praedita
1130 2788 1235 2822 sunt,
1258 2788 1292 2814 et
1316 2779 1402 2813 mole
1428 2792 1468 2813 ac
1494 2778 1658 2825 qualitate
1685 2777 2044 2825 comprehenduntur.

537 2839 726 2874 Praeterea
755 2839 791 2873 in
820 2839 1044 2874 sanctissimis
1069 2840 1283 2876 Cherubinis
1313 2840 1420 2874 etiam
1448 2847 1563 2874 motus
1587 2847 1662 2885 est,
1688 2847 1874 2873 moventur
1903 2838 1998 2873 enim
2026 2837 2110 2872 dum
