2203 3331
735 185 798 209 mio
823 184 950 209 ssscns
977 183 1175 208 meismes.
1728 176 1792 209 17⁴2)

116 245 233 283 bunt?
257 242 431 290 Quisnam
452 240 538 276 alius
562 241 704 283 existet,
726 241 786 289 qui
808 241 889 275 istos
910 253 951 274 ex
971 247 1064 274 tanta
1093 240 1194 287 culpa
1216 241 1383 287 sanguine
1412 256 1475 277 sno
1502 241 1677 278 rediinati‘
1701 240 1792 287 Quis

117 309 178 343 hos
201 304 427 345 christianos,
449 302 584 337 nedum
614 302 813 350 episcopos,
833 301 1044 348 nuncupet?
1073 299 1258 346 Cogentur
1283 301 1401 350 itaque
1425 303 1519 338 aliud
1540 317 1708 351 quaerere
1737 303 1793 337 ba-

118 368 260 418 ptisma,
278 377 346 413 quo
366 362 554 397 initientur
571 362 625 397 vel
646 370 938 397 consummentur
955 367 978 382 “
1000 360 1243 407 crucifigentes
1262 361 1399 397 sibimet
1416 363 1527 399 filium
1541 362 1609 398 Dei
1629 372 1660 398 et
1679 372 1793 398 osten-

122 457 145 472 „
174 426 227 462 tui
247 425 412 459 habentes
432 424 451 443 *ἒ
475 451 497 465 „
521 431 704 471 postquam
725 423 791 457 iam
816 421 922 456 semel
948 420 1136 455 illuminati
1165 422 1322 464 fuerant,
1346 431 1378 456 et
1401 424 1547 459 caeleste
1574 424 1707 459 donum
1735 437 1794 470 gu-

119 493 311 527 staverant,
332 484 512 531 sanctique
542 482 699 531 Spiritus
721 482 901 531 participes
928 482 1012 516 sacti
1034 482 1185 516 fuerant.
1215 481 1276 515 Sic
1304 497 1384 529 crgo
1412 498 1500 518 nova
1526 485 1720 520 initiatione
1744 485 1794 519 in-

117 547 299 594 digentes,
322 559 409 580 nova
433 545 537 579 etiam
560 543 733 578 unctione
757 551 790 577 et
811 543 1031 578 ordinatione
1055 543 1228 589 egebunt,
1248 542 1327 590 qnia
1349 543 1503 591 priorem
1524 545 1741 592 abnegarunt
1762 554 1794 580 et

117 607 360 656 repudiarunt.
390 604 580 651 Quomodo
605 605 698 639 enim
727 603 960 638 initiationem
987 604 1195 645 conserent,
1220 617 1325 650 quani
1351 603 1417 651 ipsi
1445 618 1518 638 non
1548 606 1795 642 retinuerunt?

117 669 184 704 Yet
211 667 387 716 quomodo
410 667 472 715 qui
492 666 534 700 de
563 679 625 700 sua
647 679 682 700 se
705 663 926 700 ordinatione
948 664 1187 706 demiserunt,
1209 664 1381 711 baptizare
1404 674 1464 699 aut
1484 665 1641 711 dogmata
1668 667 1794 702 docere

117 729 361 764 contendent?
390 727 465 772 Qui
485 727 636 774 denique
660 725 735 760 fieri
758 733 894 774 potest,
917 733 955 760 ut
975 725 1097 772 dogma
1118 725 1171 759 vel
1195 725 1367 773 baptisma
1395 726 1436 760 ab
1459 726 1503 760 iis
1529 727 1699 762 traditum
1725 742 1795 775 gra-

118 800 195 825 tum
220 791 263 824 sit
290 798 348 824 aut
373 788 500 824 fiducia
528 787 700 833 dignum?

219 864 276 899 29.
306 849 499 884 Praedictis
520 848 583 882 hoc
606 848 711 882 etiam
733 847 876 889 addam,
896 846 987 895 quod
1012 846 1075 894 ipsi
1095 860 1234 894 quoquc
1258 847 1474 889 concedent,
1493 861 1704 896 quamquam
1725 863 1794 884 om-

115 910 172 944 nia
194 912 393 945 subvertere
414 909 529 951 soliti,
552 908 834 957 sententiamque
855 908 957 942 facile
980 915 1112 942 mutare
1126 935 1134 949 ,
1159 916 1194 942 et
1214 907 1347 942 nullam
1373 909 1604 943 constantiam
1626 909 1792 945 retinere.

114 970 300 1019 Siquando
329 971 455 1018 aliquis
476 984 517 1004 ex
538 969 604 1003 fide
632 977 750 1003 nostra
779 969 821 1003 ad
850 968 956 1003 alium
986 968 1123 1003 cultum
1149 977 1272 1016 sponte
1293 969 1345 1003 rel
1368 978 1513 1005 coactus
1538 970 1736 1013 transierit,
1759 980 1793 1005 et

113 1044 198 1065 cum
228 1031 426 1066 infidelibus
456 1029 606 1064 ethnicis
632 1043 669 1063 sc
699 1029 937 1064 contaminans
956 1057 964 1072 ,
993 1037 1025 1063 et
1053 1028 1295 1063 abominandis
1324 1030 1411 1064 escis
1440 1030 1582 1077 gustatis
1601 1059 1609 1074 ,
1637 1040 1698 1066 aut
1725 1032 1791 1066 alio

112 1091 270 1139 quolibet
297 1090 398 1125 inodo
427 1104 445 1124 a
474 1098 594 1124 nostro
621 1089 694 1124 ritu
722 1089 942 1135 discesseritg
967 1088 1159 1123 venerandi
1189 1089 1359 1124 ecclesiae
1383 1104 1555 1134 canones,
1575 1091 1603 1125 si
1629 1092 1688 1126 hic
1716 1106 1793 1140 pec-

115 1160 191 1186 cato
219 1166 281 1186 suo
311 1159 563 1199 compunctus,
587 1159 620 1185 et
647 1150 733 1184 male
761 1159 921 1185 actorum
947 1149 1130 1197 paenitens
1146 1178 1153 1192 ,
1176 1149 1219 1184 ad
1247 1150 1429 1185 ecclesiam
1453 1160 1585 1187 mutata
1606 1161 1721 1188 mente
1743 1167 1793 1188 re-

113 1212 239 1255 dierit,
263 1221 296 1247 et
324 1227 342 1247 a
370 1212 538 1260 perversis
565 1211 788 1260 scelestisque
818 1211 979 1259 operibus
1008 1210 1082 1245 suis
1112 1225 1145 1245 se
1175 1211 1337 1246 recedere
1367 1213 1592 1260 profiteatur,
1614 1214 1712 1248 hunc
1741 1214 1793 1248 in-

112 1286 220 1321 quam
245 1287 398 1308 canones
423 1273 544 1307 limina
567 1272 654 1307 sacri
680 1271 802 1320 templi
826 1272 998 1319 attingere
1025 1280 1168 1313 vetant,
1190 1272 1248 1306 scd
1270 1273 1392 1320 procul
1416 1283 1518 1308 coetu
1543 1283 1660 1309 nostro
1681 1276 1793 1310 consi-

111 1343 204 1369 stere
229 1334 372 1376 volunt,
395 1342 427 1369 et
451 1334 653 1368 divinorum
676 1333 926 1381 mysteriorum
952 1333 1202 1368 communione
1227 1333 1356 1369 arceri:
1382 1342 1586 1383 tempusque
1612 1336 1642 1370 ei
1665 1337 1716 1371 rei
1736 1336 1792 1371 de-

111 1395 250 1430 finitum
279 1403 349 1438 est,
371 1395 482 1429 donec
513 1395 661 1429 contrito
691 1394 794 1429 corde
823 1402 855 1428 et
883 1406 968 1428 eum
994 1393 1133 1441 spiritus
1161 1394 1380 1436 humilitate,
1402 1409 1463 1443 per
1489 1396 1657 1431 fervidam
1683 1411 1793 1444 geme-

110 1455 337 1503 bundamque
361 1455 625 1504 praeteritarum
648 1455 830 1503 culparum
855 1455 1116 1490 confessionem
1138 1455 1255 1490 scelus
1285 1456 1434 1502 elueritg
1458 1465 1560 1505 atque
1586 1458 1634 1492 ita
1658 1468 1792 1494 sancta-

110 1530 191 1551 rum
214 1529 333 1551 rerum
358 1517 617 1564 participationi
645 1517 872 1558 restituatur,
895 1524 929 1550 et
953 1516 1081 1550 ceteris
1109 1516 1268 1551 fidelibus
1293 1517 1526 1554 consocietur.
1552 1517 1685 1554 Dicant
1711 1533 1790 1566 ergo

109 1576 230 1612 nobis:
252 1577 313 1624 qui
334 1591 368 1611 se
390 1576 481 1611 idola
502 1577 646 1611 adorare
667 1577 786 1619 aiunt,
807 1576 834 1610 si
856 1576 1052 1610 christianis
1073 1576 1300 1612 adnumerari
1320 1578 1446 1621 velint,
1468 1579 1630 1627 quisnam
1651 1580 1704 1614 liis
1727 1581 1789 1628 (ab

110 1637 375 1684 iconomachis)
404 1636 635 1684 resipiscendi
656 1636 780 1670 modus
794 1663 802 1677 ,
824 1636 961 1683 quodve
991 1637 1153 1683 temporis
1179 1638 1330 1684 spatium
1351 1639 1394 1674 sit
1414 1641 1609 1676 statutum?
1633 1640 1790 1686 Quinam

109 1698 247 1745 peccati
271 1697 531 1732 confessionem
554 1697 624 1732 sint
646 1696 851 1744 excepturi?
873 1696 1003 1744 quibus
1026 1697 1224 1732 canonibus
1247 1699 1485 1747 obtemperare
1506 1701 1683 1738 debeant?
1707 1717 1790 1751 quo-

109 1758 212 1793 modo
234 1758 294 1792 fiet
319 1758 383 1792 illis
406 1758 610 1805 dogmatum
631 1766 689 1792 aut
712 1766 872 1792 actorum
895 1757 939 1792 ob
960 1757 1198 1805 ignorantiam
1217 1759 1270 1794 vel
1291 1760 1457 1795 malitiam
1480 1761 1789 1810 vituperandorum

106 1818 302 1853 correctio?
325 1818 373 1852 ita
397 1826 436 1852 ut
461 1818 511 1852 sie
539 1817 786 1865 explorentur,
807 1831 850 1851 an
875 1817 971 1864 digni
998 1832 1095 1853 sacro
1121 1832 1222 1865 grege
1250 1820 1329 1855 sint.
1361 1820 1463 1855 Certe
1489 1823 1661 1870 quamdiu
1689 1823 1788 1859 Chri-

105 1888 201 1914 stum
225 1893 423 1927 oppugnare
447 1892 521 1913 non
546 1879 713 1913 desinunt
736 1878 859 1926 procul
883 1879 989 1913 sacris
1015 1879 1120 1926 septis
1144 1880 1333 1923 absistant,
1355 1890 1459 1930 atque
1484 1892 1523 1917 ut
1546 1883 1661 1918 tabida
1682 1894 1785 1933 atque

108 1940 246 1975 inutilia
270 1939 367 1973 ovilis
395 1938 527 1974 Christi
553 1939 709 1973 membra
733 1939 1005 1982 abscindantur,
1028 1953 1072 1974 ne
1098 1941 1184 1975 forte
1211 1955 1290 1975 sana
1312 1956 1449 1990 quoque
1464 1971 1472 1985 ,
1496 1953 1529 1978 et
1554 1944 1589 1978 in
1614 1945 1786 1992 praeclara

106 2001 327 2036 confessione
352 2000 578 2035 incolumiter
603 2000 811 2048 perstantia,
833 2014 851 2034 a
877 2000 1150 2035 contaminatore
1173 2002 1309 2036 animae
1335 2004 1455 2038 morbo
1479 2018 1618 2052 pessum
1642 2006 1785 2043 dentur.

213 2063 270 2096 30.
300 2060 423 2106 Quum
447 2069 567 2095 autem
591 2060 786 2103 idolorum,
809 2069 842 2094 ct
866 2074 987 2095 eorum
1011 2061 1073 2109 qni
1096 2075 1210 2096 errore
1234 2062 1376 2098 abducti
1403 2078 1441 2098 ea
1464 2074 1699 2109 venerantur,
1721 2067 1785 2103 du-

107 2122 184 2170 plex
208 2122 252 2156 sit
277 2122 415 2166 classis;
439 2135 511 2156 nna
532 2121 677 2169 quidem
699 2121 841 2156 illorum
865 2122 927 2169 qui
953 2135 1063 2156 crassa
1089 2123 1329 2171 inaterialique
1352 2133 1469 2159 mente
1494 2127 1660 2173 praediti,
1683 2128 1719 2162 in
1743 2143 1783 2163 eo

108 2191 247 2216 tantum
274 2181 370 2229 quod
399 2181 558 2216 cernitur
585 2182 835 2224 subsistentes,
864 2182 1018 2230 nihilque
1048 2183 1198 2218 ulterius
1228 2184 1380 2230 cogitare
1408 2185 1582 2229 valentes,
1611 2187 1783 2236 lapidibus

107 2241 350 2276 tantummodo
378 2250 413 2276 et
440 2242 540 2288 lignis
570 2250 603 2276 et
628 2242 782 2290 reliquae
811 2241 956 2277 inanimi
984 2244 1146 2278 materiae
1176 2253 1330 2278 mentem
1359 2245 1603 2290 intendentes,
1630 2249 1783 2285 adorant.

106 2302 181 2348 Qui
208 2316 289 2337 vero
316 2302 559 2337 rationabilius
585 2303 849 2351 sapientiusque
876 2303 1027 2350 cogitare
1054 2304 1238 2348 ridentur,
1262 2306 1285 2339 ii
1313 2306 1348 2340 in
1378 2307 1502 2342 statuis
1529 2308 1687 2344 habitare
1714 2311 1783 2345 vim

107 2363 285 2411 quandam
314 2363 536 2408 existimantg
565 2377 667 2412 quam
696 2364 803 2398 etiam
831 2363 977 2399 deorum
1004 2366 1146 2400 nomine
1174 2366 1364 2413 appellant,
1384 2368 1492 2402 sicuti
1522 2378 1555 2403 et
1583 2369 1638 2404 itta
1665 2370 1782 2417 signa,

107 2424 277 2470 imagines
302 2424 448 2459 deorum
472 2424 623 2459 vocitare
648 2424 770 2459 solent.
797 2424 870 2471 Age
891 2439 972 2460 vcro
998 2426 1085 2460 utris
1107 2426 1232 2461 horum
1255 2428 1333 2461 novi
1358 2428 1530 2464 idolorum
1555 2430 1706 2467 cultores
1729 2433 1784 2467 ad-

103 2484 282 2519 scribendi
305 2486 411 2520 sunt?
441 2484 481 2519 Si
504 2486 714 2520 rusticorum
741 2499 835 2520 more
862 2486 897 2520 in
926 2486 1096 2521 deteriore
1121 2487 1225 2522 classe
1249 2501 1284 2522 sc
1308 2488 1499 2533 collocant,
1522 2491 1563 2525 ad
1587 2491 1782 2528 evidentem

105 2545 297 2580 amentiam
323 2545 574 2594 beluinamque
604 2545 845 2593 stupiditatem
866 2560 901 2581 se
924 2546 1122 2582 demittunt.
1152 2546 1260 2593 Quod
1287 2549 1315 2583 si
1342 2550 1511 2585 urbanius
1538 2561 1677 2598 agentes
1702 2553 1783 2588 clas-

105 2618 179 2638 sem
204 2605 347 2640 alteram
374 2606 527 2653 eligant,
556 2615 644 2641 tunc
672 2607 709 2641 in
739 2620 911 2641 summam
945 2607 1158 2656 impietatem
1185 2623 1223 2643 ac
1252 2608 1545 2657 irreligiositatem
1578 2613 1779 2649 incurrunt.

108 2663 431 2715 Quaerendumque
454 2676 630 2716 superest,
650 2676 774 2702 utrum
795 2668 1028 2703 masculinum
1049 2669 1169 2704 malint
1188 2669 1331 2705 deorum
1352 2686 1483 2718 genus,
1503 2682 1536 2708 et
1554 2675 1695 2722 quidem
1714 2688 1781 2708 sor-

106 2726 172 2760 tito
201 2727 388 2774 quosdam,
411 2729 518 2763 veluti
546 2728 760 2771 Saturnum,
783 2728 924 2771 Iovem,
946 2729 1173 2777 Apollinem?
1197 2731 1254 2766 An
1282 2733 1395 2779 potius
1422 2734 1649 2776 femininum,
1674 2734 1780 2768 veluti

107 2785 262 2829 Rheam,
285 2787 483 2831 Iunonem,
506 2785 655 2824 Dianam
665 2790 680 2825 Ξ)
705 2789 795 2824 Item
818 2803 859 2824 ex
887 2790 1083 2825 eorundem
1109 2791 1255 2826 deorum
1284 2793 1470 2837 classibus,
1494 2804 1613 2829 utrum
1636 2794 1778 2841 primam

104 2855 140 2882 et
161 2848 370 2892 secundam,
393 2858 427 2885 et
454 2847 576 2886 utrum
602 2851 873 2899 praeminentias
902 2851 1088 2900 quasdam,
1112 2861 1146 2888 et
1165 2853 1312 2897 limites,
1335 2863 1366 2890 et
1391 2854 1601 2902 dignitatum
1628 2855 1753 2901 gradus
1768 2883 1776 2898 ,

1648 2924 1662 2936 D

1831 439 1837 446 ·
1856 437 1924 458 lirbl·¹
1942 437 1977 458 VI.
1993 441 2012 459 G.

1829 1046 1866 1066 Gr.
1882 1051 1904 1071 ι).
1920 1050 1953 1068 ω.
