2203 3331
717 174 780 200 rao
805 173 933 198 saneris
958 171 1157 197 immamus.
1706 158 1775 192 253

106 260 132 279 ss
161 242 216 270 tus
241 242 293 269 est
311 231 408 269 vobis
428 230 532 266 hodic
555 230 718 275 salvator,
741 231 803 281 qui
830 239 881 266 est
909 229 1071 265 Christus
1093 226 1276 270 dominus,
1300 227 1335 261 in
1361 227 1494 262 civitate
1521 225 1665 261 Davidis
1684 225 1727 260 ²²²?
1752 253 1774 268 ‚‚

106 296 189 332 Non
217 295 311 330 enim
338 294 495 341 legatus,
523 306 596 327 non
625 292 792 340 angelus,
821 291 880 327 sed
908 291 983 339 ipse
1010 287 1185 324 Dominus
1212 287 1350 322 salvavit
1377 302 1463 335 nos;
1493 287 1556 336 qui
1585 295 1620 322 et
1647 285 1713 321 scit
1741 293 1776 320 et

105 357 180 392 vult
199 365 231 392 et
252 362 363 405 potest
388 368 452 389 1105
480 354 618 390 salvare.
646 353 743 389 Haec
764 367 826 388 1105
850 352 1076 388 confiteamur
1098 357 1132 384 et
1151 348 1353 391 credamus,
1377 358 1412 384 et
1441 349 1479 383 in
1507 362 1610 383 omne
1638 356 1777 395 tempus

105 418 202 452 firma
230 416 323 465 apud
350 430 414 451 1105
444 429 520 451 0550
548 427 742 464 precemur.
772 413 957 460 Quomodo
987 425 1091 458 erg0‚
1114 424 1158 444 ne
1186 423 1247 457 per
1273 409 1389 444 multa
1409 410 1512 444 verba
1540 409 1778 444 discurrentes

104 487 201 513 extra
229 478 362 513 debitos
384 478 471 512 fines
491 478 662 519 feramur,
684 475 719 510 hi
739 487 922 510 sacroruin
943 473 1141 519 dogmatum
1168 469 1378 505 rectitudini
1405 470 1653 511 adversantur,
1676 478 1709 504 et
1734 469 1780 503 as-

105 539 220 575 fectus
241 553 320 586 erga
340 553 396 574 res
417 538 616 574 mundanas
637 545 750 572 oestro
772 535 917 584 perciti,
937 533 979 568 ad
996 531 1263 580 irreligiositatis
1281 544 1435 579 asperam
1454 530 1671 578 arduamque
1690 529 1778 564 viam

103 614 228 635 vesane
250 614 284 635 se
308 599 586 635 transtulerunt?
603 605 625 620 “
646 597 748 633 Το105
771 596 866 631 enim
887 604 972 631 sunt
992 594 1066 629 viae
1088 593 1311 642 operantium
1332 591 1451 639 iniqua
1465 593 1500 637 ἦ
1521 591 1601 639 quia
1622 590 1689 625 nisi
1710 604 1780 625 cre-

109 690 132 704 „
160 661 338 704 didm-itis,
363 676 408 696 ne
436 660 634 708 intelligetis
662 660 681 679 ἠ’
708 658 869 707 quidem,
891 665 997 705 prout
1025 655 1197 704 scriptum
1224 662 1282 689 est.
1310 681 1332 696 ,,
1357 652 1546 700 Propterea
1577 661 1609 686 et
1636 652 1673 686 lii
1700 651 1780 700 quia

105 736 178 757 non
209 722 441 757 crediderunt
455 750 463 764 ‚
485 720 640 769 mysterii
663 718 795 755 Christi
822 718 987 753 virtutem
1007 730 1078 752 11011
1100 715 1361 751 intellexerunt.
1388 712 1433 747 Et
1453 712 1535 761 quia
1557 719 1579 733 “
1602 726 1709 760 prope
1732 720 1782 746 est

109 812 132 826 ,,
162 784 227 818 tibi
247 784 395 818 verbum
415 782 519 825 fidei,
540 781 578 816 in
606 794 664 815 ore
686 789 747 816 tuo
774 788 809 815 et
829 779 866 814 in
889 779 993 814 corde
1016 787 1077 813 tuo
1103 778 1130 813 ᾗ,
1160 776 1231 811 Sed
1256 775 1459 810 noluerunt.
1486 772 1595 807 Porro
1622 772 1718 807 dedit
1745 772 1782 806 il-

108 872 132 886 „
160 844 199 878 lis
228 842 405 878 Dominus
432 842 594 890 spiritum
622 840 928 889 compunctionis,
953 839 1075 875 oculos
1102 846 1142 873 ut
1168 850 1240 872 non
1268 835 1431 877 videant,
1457 842 1491 869 et
1519 847 1617 868 aures
1645 841 1683 867 ut
1710 847 1780 867 non

107 932 131 947 u
159 904 301 939 audiant
320 906 347 939 ᾗ.
372 932 395 946 ,,
418 902 501 938 Ideo
523 916 594 937 non
624 910 882 950 cognoverunt,
905 900 1115 950 impossibile
1145 913 1215 934 esse
1236 898 1312 933 sine
1334 896 1401 932 fide
1427 895 1562 944 placere
1584 893 1669 930 Deo.
1700 893 1782 928 Cre-

103 964 184 999 dere
206 964 301 1000 enim
320 972 459 1013 oportet
479 963 710 999 accedentem
730 963 773 998 ad
795 962 933 1006 Deum,
955 962 1037 1011 quia
1064 969 1135 1005 051,
1157 969 1191 995 01
1211 958 1305 1009 quod
1331 956 1591 1007 inquirentibus
1613 968 1648 990 se
1669 967 1782 989 remu-

103 1033 243 1060 nerator
270 1025 312 1059 sit
336 1026 362 1060 ³³.

210 1100 267 1135 79.
295 1085 357 1121 Est
378 1086 496 1134 itaque
518 1086 605 1121 fides
619 1115 626 1129 ‚
650 1085 766 1134 inquit
786 1084 960 1133 scriptura
982 1085 1020 1127 *ἢ
1042 1082 1288 1132 sperandarum
1308 1078 1499 1116 substantia
1525 1091 1662 1120 rerum,
1683 1090 1781 1123 argu-

103 1155 263 1182 mentum
289 1161 360 1182 non
389 1146 643 1195 apparentium.
673 1145 744 1181 Sed
771 1146 987 1195 quicumque
1015 1143 1149 1193 Spiritu
1172 1142 1241 1177 Dei
1268 1142 1360 1185 0011,
1381 1142 1590 1189 firmamque
1619 1147 1653 1173 et
1678 1137 1780 1172 stabi-

103 1207 171 1242 lem
191 1208 234 1242 ad
256 1221 358 1243 omne
381 1221 464 1256 opus
486 1208 657 1256 optimum
672 1215 830 1243 mentem
848 1207 1036 1248 habentes,
1052 1205 1192 1253 agon-ale
1211 1203 1319 1239 veluti
1338 1203 1449 1237 bonae
1472 1200 1661 1236 voluntatis
1684 1212 1779 1247 prae-

104 1269 213 1304 mium
240 1269 344 1304 fidem
370 1270 541 1304 habentes
563 1276 586 1290 ‘⁸
611 1269 677 1304 fide
705 1269 911 1316 intelligunt
938 1276 1047 1316 aptata
1069 1281 1140 1302 esse
1168 1266 1305 1301 saecula
1325 1264 1429 1300 verbo
1450 1262 1539 1306 Dei,
1560 1271 1601 1297 ut
1627 1276 1667 1296 cx
1694 1260 1780 1295 invi-

107 1358 131 1372 .‚
160 1330 318 1365 sibilibus
339 1330 483 1365 visibilia
505 1330 631 1365 fierent
657 1332 694 1376 *3
720 1357 743 1373 ,,
764 1330 856 1364 51001
881 1329 1006 1364 harum
1034 1341 1155 1363 rerum
1182 1326 1345 1374 magistro
1369 1324 1520 1359 videtur.
1547 1323 1635 1357 Fide
1663 1322 1778 1364 enim,

103 1391 239 1438 inquit,
260 1391 353 1426 Abet
379 1390 447 1425 Dei
476 1391 677 1426 testimonio
705 1390 822 1426 iustus
849 1390 938 1434 suit,
960 1389 1114 1438 itemque
1142 1387 1219 1423 Noe
1248 1396 1283 1422 et
1310 1386 1526 1421 Abraliainus
1555 1392 1588 1419 ct
1615 1383 1779 1430 Moyscsg

104 1460 139 1485 et
166 1460 241 1499 post
267 1451 342 1486 illos
365 1452 423 1486 alii
442 1466 552 1501 aeque
579 1452 695 1487 sancti
724 1452 843 1487 eadem
869 1451 935 1486 hac
963 1451 1032 1486 fide
1059 1449 1137 1484 Deo
1165 1448 1399 1497 placuerunt;
1422 1459 1576 1494 quorum
1597 1444 1654 1479 alii
1676 1457 1780 1490 regna

105 1522 416 1561 expugnaverunt,
437 1514 606 1562 promissa
634 1521 718 1549 sunt
745 1513 885 1562 adepti,
909 1521 943 1547 et
970 1512 1045 1559 igni
1066 1511 1147 1547 seris
1169 1510 1340 1559 bellisque
1364 1508 1559 1556 superiores
1586 1513 1780 1541 evaserunt.

102 1573 177 1608 Alii
203 1574 347 1622 lapidati
373 1583 475 1617 sunt,
498 1575 679 1622 flagellati,
701 1583 734 1610 et
760 1589 821 1622 per
842 1588 943 1609 omne
971 1573 1196 1621 asperitatum
1225 1571 1505 1619 experimentum
1532 1566 1708 1610 traducti,
1730 1567 1782 1600 in-

101 1634 189 1668 vieti
216 1644 446 1677 manserunt,
469 1636 628 1684 firmique
650 1636 687 1670 in
709 1635 777 1671 fide
799 1634 967 1683 comperti
995 1642 1085 1671 sunt.
1114 1633 1225 1668 Porro
1246 1645 1363 1680 neque
1384 1629 1550 1679 promissa
1579 1628 1782 1663 retulissent

102 1710 215 1744 neque
243 1696 398 1732 iustitiae
422 1697 661 1732 testimonium
680 1697 908 1738 habuissent,
928 1696 996 1731 nisi
1017 1695 1262 1730 credidissent.
1290 1692 1378 1728 Fide
1406 1706 1497 1727 mare
1522 1690 1706 1732 dividitur,
1730 1688 1781 1723 sol

103 1756 263 1800 51511101,
287 1758 421 1793 flumen
451 1757 695 1806 suspenditur,
719 1756 862 1792 moenia
891 1765 1013 1805 sponte
1038 1763 1231 1797 corruunt,
1256 1762 1289 1790 et
1310 1752 1480 1802 quicquid
1505 1751 1599 1787 aliud
1628 1750 1694 1785 fide
1723 1763 1781 1784 au-

101 1817 218 1853 dimus
245 1827 339 1853 recte
369 1819 543 1853 el'l'ectum.
573 1817 648 1864 Qui
672 1831 753 1853 vero
780 1818 817 1852 in
845 1817 1059 1853 contrarium
1080 1816 1282 1859 transversi,
1306 1823 1339 1850 et
1367 1815 1405 1849 in
1433 1812 1646 1849 infidelitatis
1673 1810 1782 1845 lubri-

102 1892 185 1913 cum
206 1878 369 1921 abducti,
386 1879 485 1926 longe
505 1893 522 1913 a
540 1878 730 1914 sanctitate
752 1878 907 1927 depulsi,
928 1887 959 1913 et
979 1878 1021 1912 011
1042 1877 1146 1912 liuius
1168 1875 1383 1925 perfectione
1405 1888 1547 1923 prorsus
1569 1872 1659 1907 devii
1681 1879 1781 1913 sunt,

103 1945 126 1960 ‘⁶
156 1939 193 1974 hi
214 1940 232 1960 ξ*
250 1948 427 1988 tamquam
448 1940 581 1988 parvuli
603 1940 798 1983 fluctuant,
822 1948 856 1974 et
877 1939 975 1974 omni
994 1947 1097 1974 vento
1119 1938 1300 1973 doctrinae
1325 1936 1645 1976 circumferuntur,
1663 1933 1701 1967 in
1723 1946 1783 1967 110-

105 2028 128 2041 .,
156 2000 266 2048 quitia
293 2000 498 2043 hominum,
521 2000 558 2035 in
587 2001 713 2035 astutia
741 2001 782 2035 ad
813 2000 1148 2035 circumventionem
1176 1998 1322 2040 erroris,
1345 1997 1380 2032 in
1408 1996 1555 2031 vanitate
1578 2008 1700 2029 sensus
1728 1992 1782 2028 sui

105 2088 128 2103 ‚7
156 2061 395 2104 ambulantes²
423 2062 575 2097 tenebris
604 2062 834 2097 obscuratum
861 2061 1023 2095 habentes
1051 2060 1292 2101 intellectum,
1317 2067 1351 2093 et
1377 2057 1517 2092 alienati
1545 2070 1563 2091 a
1590 2056 1660 2090 vita
1688 2054 1780 2096 Dei,

106 2150 129 2164 .,
157 2136 218 2170 1101
244 2122 474 2168 ignorantiam
501 2137 590 2171 quae
621 2131 671 2157 est
698 2123 735 2157 in
764 2123 853 2165 11115,
876 2131 1015 2171 propter
1039 2121 1241 2156 caecitatem
1271 2119 1386 2155 cordis
1414 2118 1579 2166 ipsorum.
1604 2144 1626 2159 ,,
1651 2115 1780 2162 Quam-

102 2183 221 2218 obrem
249 2197 363 2231 neque
393 2184 433 2217 ad
463 2183 547 2218 fidei
575 2184 748 2219 unitatem
774 2192 1012 2231 pervenerunt
1033 2182 1220 2229 agnitionis
1249 2181 1313 2216 filii
1336 2180 1427 2223 Dei,
1449 2193 1544 2214 more
1567 2178 1706 2212 illorum
1729 2176 1781 2211 in-

105 2243 331 2278 credulorum
360 2253 478 2278 mente
509 2253 541 2278 et
568 2245 676 2279 animi
702 2245 846 2288 habitu,
871 2245 1002 2293 quibus
1032 2243 1157 2279 iuravit
1177 2241 1273 2277 Deus
1302 2255 1373 2276 non
1401 2254 1471 2275 esse
1500 2240 1717 2286 ingressuros
1742 2237 1779 2272 in

102 2304 261 2352 requiem
290 2305 364 2339 eius
386 2306 404 2325 ξ
426 2313 569 2353 propter
598 2319 693 2340 suain
721 2305 1018 2340 incredulitatem.
1046 2303 1180 2339 Merito
1207 2302 1324 2351 itaque
1353 2316 1371 2336 a
1400 2300 1589 2336 Servatoris
1609 2298 1780 2346 discipulo

103 2364 366 2400 damnabuntur
387 2380 449 2400 ceu
473 2365 629 2414 duplices
652 2366 770 2401 animo
785 2394 792 2408 ‚
815 2366 1055 2400 inconstantes
1079 2365 1114 2399 in
1137 2363 1301 2399 omnibus
1323 2363 1386 2397 viis
1407 2362 1499 2407 suisg
1520 2360 1691 2409 procellae
1715 2373 1782 2394 ma-

102 2425 148 2460 ris
177 2426 306 2461 similes
334 2427 448 2461 ventis
478 2427 595 2473 agitati
624 2436 656 2462 et
687 2427 844 2462 convulsi
868 2428 894 2462 *fl
924 2425 1065 2472 Quibus
1088 2426 1192 2460 etiam
1219 2432 1328 2459 semet
1356 2423 1521 2470 adfligere
1545 2431 1579 2457 et
1599 2421 1719 2468 lugere
1741 2433 1779 2454 ac

102 2486 238 2534 plorare
260 2488 452 2530 mandarit,
475 2488 656 2536 risumque
681 2488 717 2522 111
739 2488 892 2530 111010111,
915 2496 949 2522 01
972 2487 1139 2534 gaudium
1161 2486 1195 2520 in
1219 2485 1417 2527 tristitiam³
1436 2490 1638 2519 convertere
1660 2484 1686 2516 *ἦ
1710 2480 1779 2515 Sed

107 2556 222 2583 tamen
252 2548 345 2583 haud
374 2558 515 2597 propter
541 2549 690 2584 istorum
717 2549 959 2584 infidelitatem
986 2557 1090 2596 atque
1118 2547 1330 2595 impietatem
1350 2545 1434 2581 fides
1456 2553 1571 2580 nostra
1593 2544 1781 2592 reprelien-

104 2608 229 2652 detur,
252 2624 367 2658 neque
394 2619 577 2658 propterea
601 2625 717 2646 sacrae
742 2611 938 2659 scripturae
963 2609 1178 2644 deserendae
1203 2616 1296 2644 sunt.

212 2671 269 2706 30.
300 2670 370 2706 Sed
397 2672 478 2720 quia
506 2672 700 2720 scripturae
729 2680 969 2707 sacrosanctae
999 2680 1103 2713 sunt,
1127 2678 1160 2704 et
1189 2670 1275 2704 fides
1297 2677 1417 2704 nostra
1443 2677 1541 2703 recta
1568 2675 1669 2715 atque
1699 2667 1780 2699 irre-

104 2732 368 2779 prehensibilis,
389 2733 445 2768 isti
468 2743 587 2768 autem
608 2734 650 2769 ad
672 2733 824 2769 veritatis
845 2733 964 2768 lumen
986 2732 1158 2780 respicere
1179 2745 1279 2778 aegre
1302 2739 1457 2780 queunt,
1480 2743 1544 2765 000
1568 2727 1677 2763 0011115
1699 2725 1780 2760 10051

103 2793 146 2828 ad
173 2794 350 2828 radiorum
370 2794 595 2842 splendores,
618 2805 653 2830 et
676 2795 820 2830 auribus
848 2794 1048 2829 laborantes
1070 2793 1112 2828 ad
1134 2807 1274 2828 sonores
1297 2806 1336 2827 ac
1360 2791 1524 2840 strepitus
1553 2801 1689 2836 semper
1710 2800 1781 2821 1110-

108 2853 193 2888 10510
213 2868 248 2889 50
266 2855 415 2898 habent,
433 2864 611 2904 propterea
630 2856 785 2892 damnati
807 2864 890 2891 sunt
912 2863 944 2891 01
961 2869 979 2890 0
999 2853 1279 2890 Christianorum
1297 2866 1443 2889 numero
1462 2850 1594 2888 exclusi
1613 2857 1644 2884 01
1665 2846 1780 2883 alicui.

1812 237 1822 248 ⁸
1836 235 1890 258 Lue.
1905 236 1934 258 11.
1952 240 1981 258 11.

1816 602 1826 611 ⁸
1835 600 1903 622 Prov.
1915 600 1932 621 1.
1946 603 1976 621 ιυ.
1987 605 2021 626 gr.

1817 664 1827 675 ’
1842 663 1869 684 15.
1884 662 1934 684 VH.
1949 665 1968 682 ο.

1820 781 1827 790 ·
1836 779 1903 801 Dent.
1911 777 1980 800 XXX.
1993 780 2023 798 11.

1817 908 1827 919 *
1843 906 1909 929 Rom.
1926 905 1963 928 XI.
1979 910 1998 927 s.

1817 1033 1827 1044 ⁶
1842 1030 1912 1052 Hebr.
1927 1029 1966 1051 XI.
1980 1033 1999 1051 6.

1816 1094 1826 1105 '
1841 1092 1912 1115 Hebr.
1926 1092 1963 1114 XI.
1982 1096 1998 1113 1.

1818 1340 1827 1349 *
1841 1341 1876 1363 gr.
1891 1333 1926 1366 μή
1939 1331 2023 1365 ἐκφαι-

1816 1379 1928 1404 volutum.

1818 1944 1828 1953 *
1844 1942 1925 1969 Ephes.
1938 1942 1976 1964 Ν.
1992 1944 2022 1963 11.

1818 1974 1866 1996 seq.

1816 2191 1854 2212 Gr.
1869 2196 1891 2217 p.
1908 2194 1954 2212 129.

1816 2316 1825 2325 ⁸
1840 2314 1875 2336 Ps.
1892 2312 1972 2334 XCIV.
1991 2314 2020 2331 11.

1818 2434 1824 2443 *
1841 2430 1916 2453 lacot».
1933 2430 1948 2450 l.
1963 2432 1982 2449 s.

1819 2499 1825 2507 “
1842 2494 1903 2515 Idem
1919 2493 1946 2513 V.
1963 2494 1980 2513 1.
