2203 3331
87 444 94 452 ·
118 441 201 461 Halm:
219 440 245 460 ll.
264 443 294 460 15».

89 502 95 509 '
106 499 166 520 Hic-r.
175 498 254 519 xxm,
264 501 293 518 Ιυ.

171 1050 208 1066 nr,
225 1052 247 1071 μ.
266 1050 296 1068 1ῖι.

327 184 375 215 28
892 191 924 214 s.
950 190 1123 215 Nuzi-:enom
1155 192 1411 216 ,1511111111011015
1438 193 1460 215 1.

332 248 421 286 lem:
445 245 548 293 idque
577 245 675 280 velut
702 245 1032 283 terriculamentum
1057 263 1139 297 prae
1158 264 1192 284 se
1215 250 1390 291 ferentes,
1413 261 1574 296 pavorem
1599 248 1647 284 eis
1671 248 1862 294 iniiciunt,
1885 252 1945 300 qui
1971 253 2021 288 in-

332 306 550 342 considerate
573 315 606 341 01
628 306 756 355 absque
786 308 944 343 examine
971 323 1073 344 aures
1097 310 1287 358 praebent,
1312 324 1441 358 eosque
1469 309 1621 345 vinculis
1647 310 1830 359 implicant
1854 312 2022 348 insolubi-

333 368 445 413 libusg
468 367 512 401 ita
540 375 578 401 ut
605 367 658 401 vel
682 368 864 411 nolentes,
886 371 1112 417 persuasione
1141 379 1179 405 ut
1207 370 1345 418 ipsimet
1367 379 1494 419 putant
1516 371 1669 418 abrepti,
1690 372 1942 410 adsentiantur.
1970 374 2019 409 At

333 428 429 462 cuim
450 442 528 463 vere
547 428 724 462 turbidam
743 429 1003 465 subversionem
1021 431 1177 478 proximo
1197 445 1259 466 5110
1280 431 1469 479 propinant
1486 432 1522 473 n,
1541 431 1628 466 dum
1646 446 1686 466 ex
1706 433 1819 468 cordis
1841 434 1893 468 sui
1916 448 2020 469 sensu

331 490 526 532 blaterant,
548 503 620 524 non
645 498 762 524 autem
784 505 824 526 ex
845 505 901 525 ore
923 491 1070 526 Domini
1097 492 1292 541 loquuntur
1315 494 1341 528 ²⁶³.
1366 492 1438 527 Sed
1461 506 1560 527 nunc
1587 492 1692 527 etiam
1716 493 1851 529 retibus
1872 495 1943 530 suis
1968 509 2021 530 03-

332 551 497 599 pientur,
520 565 560 585 ex
584 559 716 586 retorto
737 561 944 598 argumento
966 553 1218 588 refutationem
1247 553 1477 601 experientes.
1505 553 1634 588 Mirari
1656 562 1775 589 autem
1802 569 1861 602 par
1886 565 1936 590 est
1963 570 2021 591 ru-

332 612 450 647 ditatis
474 612 613 647 illorum
637 626 677 647 ac
701 613 869 647 stultitiae
893 613 1169 648 imbecillitatem
1194 623 1229 649 et
1251 614 1504 657 abiectionem,
1528 614 1590 662 qui
1615 614 1668 649 his
1695 615 1912 651 dictionibus
1937 625 2021 652 tam-

332 686 437 721 quam
463 671 585 707 13111115
613 688 651 707 ac
679 673 769 708 bene
799 673 907 708 firmis
930 687 965 708 se
988 674 1128 711 iactant.
1158 674 1276 723 Atque
1301 675 1336 709 in
1358 675 1480 723 primis
1504 675 1722 710 observanda
1744 684 1794 710 est
1815 676 2020 711 eorumdem

334 733 538 781 stupiditas,
565 734 743 782 quomodo
770 734 937 769 vocabula
967 734 1211 778 confundant,
1240 735 1498 783 indescriptum
1527 736 1607 771 dico
1638 744 1671 770 et
1701 736 2020 785 circumscriptum.

332 794 426 829 Nam
447 795 541 842 quod
564 803 658 829 retro
681 795 831 829 invictus
851 795 908 829 hic
931 803 965 829 et
985 795 1213 830 formidabilis
1234 805 1359 831 auctor
1379 803 1402 817 “
1427 797 1580 832 describi
1605 825 1628 840 „
1651 797 1787 840 aiebat,
1809 811 1910 833 nunc
1931 797 2021 833 dicit

333 862 356 876 “
382 854 626 890 circumscribi
648 883 671 898 „
691 854 823 889 nullam
844 855 973 889 horum
994 856 1178 890 verborum
1200 870 1314 904 neque
1336 871 1533 904 agnoscens
1555 871 1671 906 neque
1694 858 1833 893 tradens
1855 858 2022 892 disseren-

333 916 436 958 tiam,
459 916 553 951 sicut
574 915 641 950 iam
670 924 771 950 antea
798 915 936 950 dietum
965 924 1025 951 051.
1053 916 1131 951 Νο0
1153 917 1280 952 1111111111
1307 917 1397 965 ipsos
1422 918 1459 952 in
1483 919 1548 953 hoc
1576 933 1719 967 quoque
1743 919 1854 954 videri
1883 919 2020 965 ignaros

333 985 435 1025 atque
458 991 615 1025 peccare.
637 976 712 1011 Iam
732 989 817 1011 vero
839 976 889 1010 his
909 976 994 1011 adeo
1015 977 1193 1024 sapienter
1213 977 1465 1027 ingenioseque
1484 979 1609 1022 dictis,
1628 979 1675 1014 ita
1696 994 1758 1015 1105
1778 993 2020 1015 occurremus.

334 1037 454 1087 Atque
476 1038 516 1072 ad
539 1051 722 1086 personam
743 1036 887 1085 quidem
913 1037 1005 1085 quod
1033 1037 1167 1072 adtinet
1187 1047 1221 1073 et
1242 1038 1468 1086 hypostasim,
1491 1053 1597 1087 quam
1623 1040 1689 1088 ipsi
1718 1041 1879 1076 confiteri
1903 1041 2022 1076 viden-

334 1107 412 1137 tur,
435 1098 515 1146 quia
544 1097 652 1132 veluti
671 1097 778 1132 basim
799 1098 888 1132 hanc
912 1106 1053 1145 ponunt
1073 1097 1250 1145 dogmatis
1273 1099 1349 1141 sui,
1373 1113 1485 1147 eoque
1507 1099 1652 1134 immoto
1672 1100 1767 1135 velut
1789 1101 2021 1136 fundamento

332 1159 559 1201 innituntur,
581 1158 679 1193 unde
700 1158 885 1193 audaciam
906 1167 1107 1202 sumentes,
1128 1159 1171 1194 ad
1192 1159 1503 1206 dogmatizandum
1526 1159 1781 1208 promptissime
1806 1170 2020 1204 excurrunt,

334 1219 482 1254 consoni
507 1219 610 1254 nobis
632 1219 897 1268 concordesque
920 1227 1011 1254 sunt.
1039 1219 1084 1254 In
1106 1219 1240 1254 naturis
1260 1219 1379 1269 itaque
1402 1219 1552 1254 vertitur
1575 1220 1829 1263 controversia,
1850 1235 1934 1269 quas
1957 1221 2021 1269 ipsi

331 1280 434 1315 verbo
457 1280 601 1329 quidem
625 1280 827 1323 adfirmant,
850 1294 886 1316 re
908 1294 988 1315 vera
1009 1289 1130 1315 autem
1150 1281 1339 1316 manifeste
1361 1280 1534 1329 factisque
1560 1281 1642 1330 ipsis
1669 1281 1712 1316 de
1739 1281 1859 1316 medio
1881 1281 2022 1318 tollunt.

331 1340 474 1375 Etenim
493 1340 579 1375 dum
595 1340 781 1376 haerentes
801 1341 864 1375 illis
883 1340 1060 1376 naturales
1082 1341 1314 1389 proprietates
1335 1341 1626 1390 differentiasque
1647 1342 1777 1390 quibus
1799 1341 2024 1389 distinguun-

330 1410 388 1436 tur
409 1410 517 1450 atque
539 1410 798 1448 agnoscuntur,
821 1402 907 1437 dum
932 1401 1078 1450 inquam
1100 1402 1274 1437 humanae
1303 1401 1402 1437 carni
1423 1411 1529 1451 atque
1553 1411 1700 1438 naturae
1728 1403 2023 1451 circumscriptio-

331 1477 430 1506 nem,
446 1462 695 1511 proprietatem
712 1477 792 1512 prae
812 1463 939 1498 ceteris
958 1463 1116 1498 intimam
1128 1491 1136 1506 ,
1152 1463 1309 1511 eripiunt
1320 1491 1328 1506 ,
1341 1472 1483 1498 naturas
1499 1477 1638 1512 quoque
1654 1464 1783 1512 pariter
1801 1464 2022 1512 extinguunt.

435 1524 510 1559 Iam
536 1538 616 1559 vero
644 1524 696 1559 his
723 1524 868 1567 amotis,
889 1524 1083 1559 videndum
1109 1533 1292 1573 superest,
1314 1539 1402 1560 num
1427 1533 1461 1560 et
1485 1525 1559 1573 ipsa
1585 1525 1776 1573 hypostasis
1807 1539 1890 1560 sano
1917 1538 2023 1560 sensu

333 1586 509 1621 intellecta
529 1586 570 1620 ab
591 1585 645 1620 his
665 1585 889 1634 producatur.
911 1584 1075 1620 Dicimus
1099 1599 1200 1633 ergo,
1220 1586 1316 1634 quod
1337 1585 1366 1621 si
1386 1600 1441 1620 res
1462 1585 1607 1634 simplex
1628 1594 1663 1621 et
1684 1585 1915 1633 incomposita
1936 1595 2024 1621 esset

334 1646 471 1682 Christi
491 1646 706 1695 hypostasis,
729 1646 775 1681 ita
797 1655 837 1681 ut
861 1646 1066 1695 compositio
1094 1660 1236 1694 prorsus
1265 1655 1471 1693 negaretur,
1494 1646 1621 1681 liceret
1641 1646 1737 1681 vobis
1762 1646 2026 1681 incircumscri-

331 1708 489 1756 ptionem
508 1708 550 1742 de
575 1706 710 1742 Christo
733 1707 950 1756 praedicare:
972 1707 1177 1743 huiusmodi
1200 1707 1296 1742 enim
1319 1721 1393 1742 esse
1415 1707 1634 1756 simplicium
1654 1715 1836 1750 naturam,
1858 1721 1922 1742 nos
1942 1721 2026 1755 quo—

332 1783 402 1817 que
429 1768 664 1810 adsentimur,
685 1781 846 1816 vanaque
869 1776 919 1803 est
940 1768 982 1803 de
1003 1769 1068 1803 1130
1090 1782 1125 1803 10
1147 1767 1330 1804 dubitatio.
1357 1768 1423 1803 Sin
1445 1782 1527 1803 vero
1548 1782 1604 1803 res
1629 1767 1758 1815 duplex
1781 1776 1814 1802 et
1835 1767 2025 1816 composita

336 1828 495 1864 Christus
524 1837 576 1864 est
600 1830 673 1877 (1),
699 1843 739 1864 ex
754 1829 1003 1876 'heterogeneis
1032 1843 1272 1871 concurrens,
1296 1837 1336 1863 ut
1357 1828 1542 1864 Mamonas
1570 1842 1712 1876 quoque
1741 1828 1920 1870 adfirmat,
1941 1828 2024 1876 quid

331 1890 493 1925 dicemus
515 1890 568 1925 bis
589 1890 650 1938 qui
672 1889 810 1925 veritati
835 1890 1088 1925 adversantur?
1109 1888 1305 1925 Praeterea
1326 1889 1354 1924 si
1376 1889 1472 1924 iuxta
1494 1901 1695 1923 sermonem
1719 1897 1897 1930 vestrum,
1918 1902 2025 1922 11113111

332 1965 372 1986 ex
397 1950 529 1987 Christi
549 1951 684 1986 naturis
706 1951 1049 1999 incircun'iscriptam
1068 1965 1144 1986 esse
1166 1951 1202 1985 in
1227 1952 1389 1985 confesso
1413 1959 1484 1993 est,
1506 1950 1659 1985 divinam
1683 1950 1762 1984 dico
1777 1978 1785 1992 ,
1806 1963 1949 1984 11000550
1973 1958 2024 1983 051

333 2020 476 2061 propter
498 2013 638 2048 unicam
665 2026 870 2061 personam,
895 2021 930 2047 et
957 2021 1099 2060 propter
1125 2020 1335 2047 naturarum
1359 2011 1395 2046 in
1422 2025 1493 2046 una
1521 2011 1701 2059 hypostasi
1729 2011 1922 2053 unionem,
1945 2010 2026 2045 alte·

332 2086 404 2108 13111
431 2087 573 2122 quoque
600 2082 810 2108 naturarum
837 2073 984 2116 harum,
1014 2086 1090 2108 eam
1119 2072 1256 2107 scilicet
1284 2087 1373 2121 quae
1403 2081 1540 2107 nostrae
1570 2080 1621 2106 051
1649 2071 1794 2114 511111115,
1821 2085 1893 2106 0550
1923 2071 2026 2106 incir-

332 2135 589 2182 cumscriptam.
617 2134 743 2183 Neque
765 2135 859 2169 enim
887 2134 937 2169 ita
966 2134 1170 2177 insaniet-is,
1194 2143 1233 2169 ut
1254 2134 1342 2169 hanc
1365 2148 1427 2182 per
1447 2149 1485 2168 se
1509 2134 1618 2182 ipsam
1639 2132 1745 2181 potiri
1768 2132 2027 2167 incircumscri-

333 2195 453 2242 ptione
480 2196 614 2231 dicatis.
644 2195 741 2242 Quid
764 2210 868 2244 porro
892 2196 1062 2239 obstabit,
1084 2194 1277 2244 quominus
1302 2209 1365 2230 nos
1389 2209 1531 2243 quoque
1555 2195 1657 2230 simili
1678 2204 1877 2229 vestrorum
1900 2207 2027 2229 sermo-

334 2269 421 2290 num
448 2264 570 2292 tenore
598 2265 763 2300 utentes,
791 2266 886 2292 recto
916 2271 1020 2291 sensu
1051 2257 1306 2305 antistrophem
1333 2270 1567 2304 usurpemus,
1592 2255 1815 2304 vicissimque
1844 2255 2024 2298 dicamus,

332 2317 416 2365 quia
442 2317 548 2352 altera
581 2327 781 2353 naturarum
810 2319 957 2358 lia-rum,
988 2319 1140 2352 humana
1168 2318 1358 2360 nimirum,
1389 2317 1700 2352 circumscribitur
1730 2315 1850 2364 (quod
1879 2315 2027 2365 quidem

334 2379 392 2413 ahs
412 2379 536 2427 quovis
556 2388 691 2415 sensato
713 2379 946 2423 conceditur,
969 2380 1137 2428 quoniam
1159 2388 1192 2415 et
1217 2394 1281 2414 nos
1303 2378 1370 2427 ipsi
1393 2379 1656 2427 circumscripti
1683 2392 1824 2420 sumus,
1848 2386 1881 2412 et
1907 2386 2026 2412 nostra

337 2438 473 2481 omnia,
492 2447 634 2486 peccato
664 2448 826 2489 excepto,
851 2440 1016 2476 Christus
1038 2441 1166 2488 babet)
1192 2454 1277 2489 opus
1300 2454 1374 2475 esse
1397 2439 1544 2475 alteram
1567 2453 1734 2488 quoque,
1755 2439 1908 2473 divinam
1937 2439 2026 2474 scili-

336 2508 393 2534 cet
420 2499 702 2548 ineffabilemque
723 2510 906 2544 naturam,
927 2502 972 2536 ob
995 2501 1140 2536 candem
1163 2515 1325 2545 causam,
1346 2501 1383 2535 id
1408 2509 1459 2535 est
1485 2501 1529 2535 ob
1555 2500 1729 2535 unionem
1752 2499 2003 2548 hypostaticam
2017 2529 2024 2541 ,

338 2559 605 2606 circumscribi3
627 2560 673 2595 ita
694 2569 732 2596 ut
760 2570 874 2597 totum
894 2563 960 2597 hoc
989 2577 1029 2597 ex
1057 2562 1185 2597 deitate
1215 2570 1251 2597 et
1278 2561 1497 2597 humanitate
1528 2561 1784 2609 compositum,
1806 2560 2027 2595 circumscri-

337 2629 438 2668 ptum
459 2620 528 2656 sit?
549 2620 672 2669 Aeque
695 2622 789 2656 enim
810 2622 967 2658 divinam
990 2632 1096 2672 atque
1120 2624 1309 2658 humanam
1337 2622 1502 2658 Christus
1527 2630 1694 2656 naturam
1717 2620 1922 2669 participat,
1944 2620 2027 2655 Dei-

336 2695 405 2729 que
430 2690 464 2716 et
484 2681 674 2717 hominum
695 2682 864 2717 mediator
885 2684 996 2719 sactus
1021 2692 1080 2719 est.
1110 2684 1182 2718 Iam
1203 2683 1298 2732 quod
1320 2682 1496 2731 aliquibus
1518 2682 1773 2717 intermedium
1797 2690 1867 2725 051,
1891 2690 2026 2717 111111111-

418 2790 452 2819 (l)
471 2786 655 2822 Compositani
668 2795 726 2814 esse
738 2786 836 2814 Christi
852 2795 1010 2821 personam,
1025 2788 1093 2815 (licit
1105 2797 1167 2815 cum
1180 2788 1277 2815 ceteris
1289 2787 1425 2821 theologis
1437 2786 1518 2813 etiam
1533 2787 1560 2812 S.
1576 2786 1750 2821 Augustinus
1764 2786 1843 2821 epist.
1856 2786 2024 2813 cxxxvn.

341 2835 380 2857 it.
397 2831 430 2858 ad
446 2831 641 2858 Volusianum:
658 2839 781 2866 persona
797 2832 934 2863 lwnzz‘m‘s,
952 2834 1080 2859 nti-‘riusa
1101 2835 1142 2859 est
1159 2834 1275 2860 animae
1294 2833 1322 2858 et
1335 2832 1479 2866 corporis;
1490 2839 1616 2865 persona
1637 2832 1731 2857 antem
1752 2830 1879 2863 christi,
1896 2832 2027 2857 mistura

338 2878 380 2901 eis!
400 2877 451 2902 Dei
470 2878 496 2902 el
514 2875 646 2903 hominis.
