2203 3331
71 430 77 437 ¹
94 428 143 447 (Cal.
160 427 197 448 tlt.
213 429 245 448 27.

61 555 67 561 ·
84 552 152 572 its—tun
169 552 195 572 11.
214 554 244 571 ΙΙ,

115 1515 152 1535 tir.
169 1522 190 1540 μ.
206 1517 238 1535 (as.

72 2847 76 2852 '
97 2845 149 2863 Dan.
168 2845 192 2865 ll.
211 2848 239 2866 ὕ.

281 167 349 198 ’228
875 175 902 197 s.
929 172 1103 199 Nicrrnom
1129 173 1366 200 APOLOGEUCCS

282 231 443 278 quidem,
468 240 530 263 cen
555 237 654 276 eaput
672 257 679 271 ,
703 229 921 273 sanctificat,
944 240 978 265 et
999 231 1117 266 salutis
1141 241 1264 266 auctor
1279 260 1286 273 ‚
1310 240 1345 266 et
1367 231 1479 266 omnis
1500 233 1698 268 sanctitatis
1727 235 1900 282 praebitor
1922 248 1963 271 ae.

282 292 463 326 dominus:
490 289 521 323 hi
545 298 664 323 autem
687 289 958 326 sanctificantur
978 292 1244 340 participatione
1268 293 1396 339 gratiae
1422 293 1599 336 renovati,
1620 307 1682 342 per
1703 295 1814 330 divini
1835 296 1963 332 lavacri

282 350 580 398 regent-ratioiwm
599 352 709 397 ipsum
727 350 792 385 sibi
812 351 1020 389 induentes:
1037 360 1059 374 ·‘
1082 353 1251 401 quoniam
1269 362 1444 401 quotquot
1461 354 1495 388 in
1518 354 1656 389 Christo
1674 356 1839 404 baptizati
1859 367 1962 400 sunt,

286 440 307 452 ,.
339 411 520 446 Christum
549 411 614 444 sibi
642 411 833 446 induerunt
856 414 882 447 ᾗ.
908 441 930 455 ‚‚
954 413 1059 458 Quod
1088 423 1203 448 autem
1225 428 1265 448 ex
1288 429 1359 449 uno
1382 414 1535 462 pendere
1560 415 1764 463 contingat,
1787 425 1821 452 et
1845 427 1963 466 quate-

282 486 347 506 nus
369 471 529 505 felicitate
552 486 591 505 ac
614 471 777 506 beatitate
807 473 885 521 quis
913 474 1091 521 proficiat,
1117 487 1259 509 eausam
1289 475 1364 509 eius
1390 475 1437 509 rei
1459 475 1717 523 quodammodo
1744 490 1899 524 ponens,
1925 487 1963 514 ut

282 532 404 565 innuat
428 531 729 566 m·m=ssinuti11cm
747 533 952 580 quamdam,
974 548 1105 583 eosque
1123 535 1338 569 fraternitate
1358 549 1429 569 esse
1449 535 1592 569 donatos
1606 564 1613 578 ,
1633 535 1733 570 addit
1748 538 1782 573 ᾖ;
1800 544 1823 558 “
1843 552 1963 585 quam-

284 619 305 629 „
334 592 451 625 obrem
473 605 542 626 non
567 592 741 627 erubescit.
763 607 819 628 eos
842 594 1013 642 appellare
1036 596 1182 637 fratres,
1206 596 1346 631 dicens:
1370 596 1548 630 nunciabo
1571 609 1701 630 nomen
1729 604 1830 631 tuum
1852 598 1962 632 fratri-

283 681 304 694 ‚.
334 653 399 687 bus
427 652 535 695 meis,
565 653 598 687 in
628 654 743 688 medio
773 655 940 690 ecclesiae
969 655 1114 690 laudabo
1143 664 1184 692 te.
1215 684 1237 699 ‚‚
1267 656 1316 691 Ita
1347 670 1405 691 eos
1436 657 1632 700 honorans‚
1661 666 1694 691 et
1722 658 1962 706 superioribus

278 713 432 747 hominis
456 714 652 749 conditioni
681 715 874 750 honoribus
902 730 959 750 eos
989 730 1173 753 coronans.
1203 718 1299 763 Quid
1324 718 1419 752 enim
1446 718 1511 752 hoc
1541 718 1692 752 divinius
1720 719 1772 752 vel
1801 719 1963 755 beatius?

282 774 358 808 (jur
386 784 500 809 autem
529 774 599 809 sint
627 777 770 818 fratres,
793 784 937 812 constat.
966 776 1057 811 Nam
1085 777 1166 824 quia
1193 776 1291 812 Deus
1318 792 1432 826 quum
1460 787 1571 832 esset,
1596 787 1716 813 nostra
1746 779 1961 814 circumdari

279 834 475 869 humilitate
499 850 570 870 non
594 845 645 870 est
666 837 873 883 dedignatus
894 845 1035 884 propter
1057 837 1228 872 infinitam
1254 852 1351 873 suam
1379 833 1605 874 elementiam
1626 854 1665 874 ae
1686 840 1898 882 bonitatem,
1919 849 1962 875 ut

280 909 343 929 nos
365 905 567 943 paupertate
598 911 657 931 sua
687 897 885 939 extolleret,
907 897 990 931 hinc
1020 897 1141 945 adepti
1168 911 1289 933 sumus
1312 906 1351 933 ut
1374 907 1407 933 et
1427 900 1552 934 fratres
1576 908 1609 934 et
1631 900 1692 934 filii
1717 900 1897 947 dicamurg
1922 910 1963 935 ut

280 964 439 991 actutum
462 957 556 991 dicet
580 958 616 992 *ἧς
638 964 660 977 ‘⁴
688 971 767 992 cece
789 970 852 1003 ego
873 965 906 991 et
926 957 1023 1004 pueri
1044 971 1130 1005 quos
1152 958 1239 992 mihi
1261 957 1360 992 Deus
1381 958 1488 994 dedit.
1517 959 1612 1005 Quia
1637 974 1718 1007 ergo
1746 961 1849 1009 pueri
1871 974 1963 995 eom-

282 1045 304 1058 „
333 1017 601 1052 nmnicaverunt
636 1017 731 1051 carni
759 1026 792 1051 et
820 1017 1001 1064 sanguini,
1025 1026 1059 1052 et
1084 1018 1154 1065 ipse
1177 1018 1337 1053 similiter
1358 1019 1573 1066 participavit
1594 1020 1737 1056 eisdem.
1762 1049 1785 1064 ‚,
1807 1020 1878 1056 Hos
1901 1021 1962 1056 ita—

278 1092 347 1125 que
380 1078 520 1112 Christo
550 1077 710 1115 indutos.
732 1078 773 1112 ab
803 1092 912 1125 eoque
940 1078 1117 1126 praedicta
1145 1078 1278 1113 ratione
1304 1079 1561 1122 sanctificatos,
1584 1081 1760 1128 quomodo
1783 1095 1856 1116 non
1886 1095 1963 1129 per-

277 1139 489 1173 horrescunt
517 1138 672 1173 infelices
694 1139 750 1180 hi,
772 1137 949 1173 idolorum
977 1138 1175 1173 adoratores
1203 1139 1402 1187 appellare?
1429 1139 1481 1174 Ex
1505 1140 1559 1175 his
1587 1154 1690 1188 porro
1718 1141 1900 1190 pervidere
1924 1142 1963 1176 li-

277 1208 353 1242 eet,
381 1213 530 1247 quonam
558 1200 641 1234 haec
671 1199 882 1234 contumelia
912 1200 1080 1242 evaserit,
1110 1209 1251 1248 propter
1278 1200 1506 1235 fraternitatis
1537 1202 1830 1237 communionem
1857 1211 1961 1251 atquc

275 1259 495 1307 adoptionisg
519 1260 614 1307 quod
643 1274 725 1294 sane
755 1259 873 1294 dicere
901 1274 973 1294 non
1001 1260 1101 1305 licet,
1126 1260 1330 1295 timentibus
1358 1260 1522 1296 adversus
1550 1262 1827 1310 primogenitum
1856 1262 1961 1297 simul

276 1328 380 1369 atque
404 1329 534 1369 patrem
555 1321 802 1369 blasphemiam
818 1350 825 1364 ,
847 1321 875 1356 si
898 1329 991 1356 certe
1012 1321 1134 1357 Deum
1156 1330 1378 1369 agnoscunt,
1399 1337 1516 1371 neque
1536 1337 1639 1358 sensu
1663 1337 1704 1358 ae
1726 1331 1844 1358 mente
1866 1337 1964 1371 pror-

275 1395 332 1415 sus
352 1382 605 1418 destituuntur.
629 1382 720 1417 Nam
740 1383 877 1417 silentio
899 1383 1013 1430 potius
1035 1382 1198 1430 pleraque
1220 1397 1308 1431 quae
1331 1398 1349 1418 a
1374 1384 1724 1419 Christomachorum
1745 1384 1866 1430 lingua
1892 1397 1963 1418 sca-

279 1451 372 1484 tent,
395 1457 457 1477 eeu
486 1443 698 1491 nequissima
722 1452 756 1477 et
778 1443 1030 1478 absurdissima
1058 1444 1314 1491 praetereunda
1336 1452 1428 1479 sunt.
1457 1444 1550 1478 Nam
1571 1444 1631 1492 qui
1652 1453 1781 1491 negant
1804 1444 1963 1479 fraterni-

278 1503 355 1537 tatis
379 1517 459 1537 ‹Jum
483 1503 621 1538 Christo
643 1503 823 1538 vinculum
838 1532 845 1546 ‚
870 1512 905 1538 et
927 1518 945 1538 a
967 1504 1132 1550 dignitate
1161 1504 1356 1552 adoptionis
1382 1504 1613 1546 exciderunt,
1635 1518 1750 1552 neque
1776 1504 1961 1539 Christum

274 1563 341 1597 sibi
363 1578 530 1612 umquam
558 1564 755 1599 induerunt
770 1593 777 1607 ‚
801 1573 908 1613 prout
936 1565 1000 1613 ‘ipsi
1022 1573 1132 1599 semet
1158 1565 1338 1612 produnt,
1359 1565 1541 1599 undenam
1570 1566 1654 1600 haec
1677 1565 1812 1600 discere
1834 1565 1885 1599 vel
1908 1579 1962 1600 ex—

274 1624 379 1672 periri
401 1625 555 1672 possint,
577 1625 631 1660 xel
652 1625 936 1660 sanctificationis
966 1626 1137 1674 consequi
1164 1626 1338 1673 gratiam?
1366 1626 1458 1661 Nam
1480 1626 1510 1660 si
1536 1625 1579 1660 ad
1604 1626 1728 1660 harum
1755 1640 1873 1661 rerum
1901 1640 1962 1661 ne·

274 1685 450 1732 gationem
479 1686 714 1729 incumbunt,
736 1687 831 1722 haud
858 1687 1004 1722 meliora
1030 1701 1113 1722 sane
1142 1701 1209 1723 nec
1238 1687 1377 1722 utiliora
1398 1687 1585 1736 reperient.
1614 1685 1711 1722 Haec
1738 1695 1822 1721 sunt
1844 1701 1962 1722 vecor-

273 1746 351 1781 diae
376 1746 517 1782 illorum
540 1761 578 1781 ac
604 1748 764 1782 vanitatis
787 1748 1017 1783 deliramenta
1042 1757 1076 1783 et
1099 1748 1199 1796 quasi
1222 1748 1364 1783 balatus.

378 1807 436 1843 58.
464 1807 538 1842 Nos
566 1822 646 1843 xero
668 1809 708 1843 ad
732 1822 804 1843 rem
826 1818 979 1844 nostram
1006 1809 1207 1852 veniamus,
1229 1817 1263 1843 et
1284 1809 1345 1857 qui
1365 1808 1478 1844 adhuc
1502 1821 1541 1844 ex
1563 1809 1874 1857 hierophantarum
1897 1823 1961 1843 nu-

275 1880 368 1902 mero
391 1868 624 1902 nominandus
646 1878 823 1916 superest,
842 1869 870 1903 is
895 1883 1032 1904 sacrum
1055 1870 1153 1904 hunc
1175 1877 1210 1904 et
1230 1869 1321 1903 bene
1345 1869 1548 1904 ordinatum
1570 1869 1770 1904 introducat
1794 1870 1957 1911 eliorum,

276 1936 309 1962 et
329 1929 504 1963 coronidis
533 1929 638 1963 instar
664 1930 867 1978 imponatur
889 1930 1059 1965 divinitus
1081 1930 1282 1965 aedificatae
1305 1930 1427 1965 domui
1441 1959 1448 1973 ,
1472 1939 1506 1965 et
1528 1930 1721 1978 sapientiae
1743 1930 1865 1965 aedem
1886 1944 1962 1978 per-

275 1989 388 2031 ficiat,
410 1989 534 2025 decore
563 1990 753 2025 admodum
783 2000 818 2025 et
846 1991 933 2026 mire
961 2000 1148 2034 structam,
1174 1991 1366 2040 pulereque
1395 2005 1413 2025 a
1443 1990 1579 2039 Spiritu
1607 1991 1883 2039 compaginatam
1912 1999 1961 2025 at-

274 2064 341 2097 que
370 2060 576 2086 exornatam.
608 2051 789 2087 Consudet
810 2053 928 2101 itaque
953 2066 1034 2087 cum
1054 2061 1159 2087 antea
1183 2052 1451 2087 decertantibus
1478 2052 1534 2087 hic
1561 2066 1702 2101 quoque
1732 2066 1847 2087 sacros
1868 2052 1961 2086 labo-

275 2123 327 2144 res
351 2111 544 2159 excipiens,
561 2126 599 2146 ac
621 2112 722 2159 sigilli
746 2113 854 2147 instar
874 2113 1058 2161 praedictis
1078 2122 1292 2161 apponatur,
1310 2113 1413 2148 homo
1435 2113 1578 2161 inquam
1597 2112 1685 2155 Dei,
1705 2112 1959 2147 desideriorum

275 2171 345 2213 vir,
369 2172 554 2217 gratiarum
581 2173 735 2220 spiritns
764 2174 969 2217 thesaurus,
992 2174 1143 2209 altorum
1170 2187 1376 2208 arcanorum
1402 2174 1596 2216 revelator,
1620 2173 1882 2208 reconditarum
1909 2186 1961 2207 re-

275 2244 353 2265 rum
374 2241 565 2275 scrutator,
585 2234 815 2269 harbarorum
833 2234 1016 2281 magister,
1038 2236 1189 2269 serarum
1212 2243 1438 2283 temperator:
1458 2236 1604 2269 tortasse
1626 2234 1684 2269 hic
1705 2234 1961 2268 hodiernorum

275 2305 415 2340 quoque
435 2293 623 2341 impiorum
642 2295 815 2329 beluinam
836 2304 869 2330 et
889 2297 1066 2330 efferatam
1086 2295 1341 2330 incredulitatis
1359 2296 1492 2331 molliet
1510 2296 1729 2331 sententiam.
1751 2295 1883 2329 Adesto
1900 2295 1959 2328 ita-

276 2366 342 2401 que
366 2367 385 2387 o
408 2355 655 2401 prophetarum
673 2356 990 2403 pervidentissiine,
1008 2356 1187 2405 Babylone
1212 2365 1242 2391 et
1262 2371 1303 2391 ex
1318 2357 1500 2391 barbarica
1519 2371 1577 2391 ora
1595 2355 1780 2404 prodiens,
1800 2364 1833 2390 et
1851 2364 1959 2403 prout

273 2414 462 2460 prudentia
489 2416 725 2468 sapientiaque
754 2432 904 2465 superna
933 2419 1133 2466 inspiraris,
1156 2432 1259 2453 narra
1286 2418 1387 2453 nobis
1409 2432 1496 2466 quae
1519 2418 1582 2452 tibi
1602 2426 1798 2452 noeturnae
1827 2416 1959 2450 divina-

274 2488 353 2509 rum
378 2476 553 2511 visionum
576 2478 670 2512 haud
700 2479 837 2513 fallaces
866 2480 1202 2527 contemplationes,
1228 2480 1407 2514 defaecata
1435 2480 1472 2514 in
1500 2487 1638 2521 mente,
1662 2477 1878 2525 limpidoque
1906 2477 1958 2511 in-

274 2535 415 2570 tellectu
437 2537 701 2584 impresserunt,
722 2548 972 2588 patentemque
996 2542 1238 2588 praebuerunt
1259 2554 1420 2575 verarum
1444 2553 1563 2575 rerum
1589 2538 1855 2583 revetati0nmn3
1883 2546 1959 2572 tum

275 2597 431 2643 expedita
458 2597 596 2644 lingua,
622 2598 782 2646 claraque
804 2614 909 2643 voce,
932 2610 1094 2636 nostrum
1115 2601 1308 2637 vaticinare
1336 2614 1454 2648 regem
1477 2614 1516 2635 ae
1538 2599 1745 2641 dominum,
1769 2598 1962 2646 imperinm

275 2655 351 2690 sine
377 2658 444 2691 sine
467 2657 680 2706 gloriamque
710 2667 890 2694 tenentem
918 2669 1119 2707 aeternamg
1144 2670 1250 2711 atque
1279 2662 1326 2696 ita
1352 2661 1542 2709 impiorum
1565 2669 1599 2694 et
1620 2659 1887 2694 contumacium
1909 2672 1962 2692 ve-

276 2717 430 2752 cordiam
460 2718 620 2765 infringe.
649 2718 801 2753 Disertis
823 2721 918 2755 enim
939 2722 1073 2765 verbis,
1096 2731 1137 2757 ut
1165 2723 1259 2765 scio,
1284 2721 1449 2757 clamabis
1470 2734 1551 2755 cum
1576 2719 1761 2754 somnianti
1787 2718 1960 2753 Chaldaeo

275 2776 420 2825 dilapsas
448 2779 621 2814 oblivione
652 2781 778 2815 somnii
806 2780 954 2815 visiones
981 2783 1191 2830 exposuisti,
1219 2791 1251 2817 et
1279 2783 1467 2817 dubiorum
1496 2781 1688 2816 solutiones
1716 2780 1853 2822 fecisti5
1878 2780 1960 2814 haec

277 2840 514 2883 pronuncians
540 2842 566 2875 ἢ.
589 2847 612 2862 “
636 2840 681 2875 Et
709 2841 775 2876 erit
797 2841 834 2875 in
857 2841 977 2876 diebus
1006 2857 1130 2890 regum
1158 2843 1320 2886 illorum,
1344 2842 1523 2878 suscitabit
1547 2840 1645 2876 Deus
1676 2841 1761 2876 caeli
1789 2853 1957 2887 regnum,
