2203 3331
255 417 329 439 (11:1²,
347 414 390 433 1⁰0.

187 657 193 665 '
205 655 239 674 Ρ»
249 652 345 674 (txmv.
359 655 388 673 125.

213 1748 219 1753 ’
234 1749 268 1769 gr.
283 1750 389 1774 προστυ-

210 1788 256 1811 75⁷

248 2470 285 2490 (ἐν.
303 2476 324 2496 p.
344 2472 387 2491 wt.

429 147 499 181 230
1026 156 1055 179 S.
1083 155 1257 179 Nlcssruom
1282 153 1521 177 APOLOGEnccs

430 215 463 248 id
487 226 598 259 genus
620 219 724 253 sunt,
746 218 789 245 ut
810 210 963 246 invIeem
983 211 1165 246 familiaria
1189 211 1396 259 plerumque
1423 209 1494 243 sint
1514 218 1548 243 et
1571 209 1753 257 copulata3
1777 210 1825 245 ita
1847 219 1886 245 ut
1911 225 2028 261 neque
2052 214 2118 250 hoc

429 273 503 307 sinc
530 272 586 307 illo
610 271 806 319 cogitetur,
827 285 943 321 neque
967 271 1053 306 illud
1075 271 1229 307 vicissim
1251 271 1328 305 sine
1351 270 1417 305 hoe
1445 269 1636 305 consistere
1662 279 1777 319 queat.
1807 271 1846 305 Si
1871 286 1952 319 ergo
1973 287 2117 311 veraces

429 342 510 368 sunt
539 332 718 381 prophetis
745 332 874 367 sanctis
903 333 1016 368 sactae
1043 347 1062 367 a
1090 340 1211 367 sancto
1241 331 1381 379 Spiritu
1410 331 1662 374 revelationes,
1691 332 1799 367 sicuti
1828 347 1948 381 reapse
1976 348 2114 370 veraces

426 403 509 430 sunt
527 422 535 437 ,
567 393 730 428 Christus
759 392 859 428 Deus
886 402 1006 428 noster
1036 394 1072 428 in
1105 393 1187 441 ipsis
1219 407 1279 427 rex
1308 391 1524 440 appellatus,
1553 406 1693 440 prorsus
1722 393 1920 442 aliquorum
1948 409 2008 430 rex
2039 404 2115 439 est,

427 468 552 502 nempe
582 460 706 489 e'orum
733 454 795 502 qui
819 454 854 489 in
880 454 990 503 ipsius
1020 454 1157 489 ditione
1187 462 1279 488 sunt.
1308 452 1468 501 Namque
1496 452 1549 488 uti
1578 452 1678 488 Deus
1707 462 1740 488 et
1768 455 1930 490 omnium
1956 464 2114 500 creator,

428 516 591 552 onmium
611 529 674 550 rex
697 524 765 552 est:
786 516 859 564 ipse
883 516 978 551 enim
999 523 1123 562 regnat
1144 514 1181 549 in
1203 514 1338 549 ditione
1359 528 1421 548 sua
1443 514 1674 562 sempiterna,
1695 523 1730 549 et
1751 516 1870 550 omnia
1892 516 1924 551 ei
1946 517 2115 553 serviunt.

427 584 450 598 ‘⁴
481 577 645 623 Regnum
667 576 745 612 eius
767 590 917 624 regnum
941 577 1100 611 omnium
1125 575 1368 618 sacculorum,
1391 583 1425 609 et
1449 574 1642 610 dominatio
1663 575 1773 623 ipsius
1795 576 1832 611 in
1855 577 1951 611 omni
1972 591 2117 625 genera·

429 667 452 681 „
483 638 576 672 tione
603 646 637 672 et
665 638 890 685 generatione
915 639 940 672 Ψ.
965 665 988 680 „
1013 635 1203 682 Quatenus
1233 645 1353 671 autem
1373 649 1438 671 nos
1459 636 1491 670 ei
1512 636 1687 671 credimus
1715 650 1868 685 eumque
1895 639 2116 684 agnoscimus

425 699 469 734 oh
498 699 673 733 sinceram
700 698 743 733 de
771 699 844 746 ipso
873 697 1154 739 confessionem,
1175 706 1298 731 noster
1321 696 1463 745 quidem
1482 697 1543 745 qui
1568 696 1764 731 Christiani
1791 711 1933 741 sumus,
1955 711 2015 733 rex
2043 708 2117 736 cst:

424 774 488 795 nos
515 760 611 795 enim
638 759 790 807 populus
817 759 890 793 eius
915 758 1123 806 peculiaris‘,
1145 757 1260 804 regale
1282 757 1541 800 sacerdotium,
1562 757 1737 792 hereditas
1760 766 1920 801 aeterna,
1941 767 2046 807 atque
2075 769 2115 795 ut

426 820 634 868 compendio
662 820 798 861 dicam,
821 818 934 854 electa
960 818 1071 853 veluti
1100 826 1135 852 et
1164 818 1415 866 specialissima
1440 818 1516 853 elus
1539 818 1719 866 possessio.
1748 818 1900 853 Nostrae
1927 833 1982 854 res
2009 834 2114 867 ergo,

424 882 485 930 qui
509 881 624 915 diviua
653 880 759 927 gratia
787 879 973 914 orthodoxi
1000 892 1140 921 sumus,
1164 879 1213 913 ita
1233 892 1268 913 se
1290 878 1443 925 habentg
1468 879 1621 927 ideoque
1647 889 1843 928 opportune
1870 880 2056 916 admodum
2079 890 2115 916 et

427 950 665 989 congruenter
692 940 819 975 tradita
842 940 960 974 divina
989 939 1150 982 oracula,
1174 947 1308 974 tantam
1327 939 1429 974 nobis
1451 941 1738 976 testimoniorum
1762 942 1898 976 nubem
1917 941 2117 990 suppedita-

425 1012 530 1045 runt,
548 1003 615 1037 fide
638 1002 824 1049 dignorum
846 1015 1119 1049 usquequaque,
1138 1009 1173 1035 et
1193 1001 1334 1035 arrham
1354 1001 1617 1048 praebentium:
1633 1016 1720 1049 quae
1742 1003 1844 1037 nobis
1866 1003 2010 1051 quidem
2029 1003 2117 1037 veri-

424 1064 506 1099 tatis
528 1063 762 1105 amatoribus,
784 1070 817 1096 et
839 1063 900 1111 qui
921 1061 1030 1096 divini
1053 1061 1208 1109 Spiritus
1229 1061 1447 1095 illustramur
1468 1075 1507 1096 ac
1528 1062 1804 1099 manuducimur
1825 1064 2115 1107 charismatibus,

424 1125 511 1158 benc
543 1131 773 1171 temperatam
799 1130 833 1156 et
859 1121 1099 1157 harmonicam
1121 1135 1159 1156 ac
1182 1121 1379 1157 iucundam
1405 1135 1585 1157 sacrorum
1606 1136 1646 1157 ac
1669 1122 1840 1158 divinitus
1860 1123 2116 1172 inspiratorum

425 1185 631 1231 dogmatum
658 1191 862 1217 nostrorum
889 1182 1131 1232 symphoniam
1159 1181 1379 1219 concinunt:
1403 1196 1506 1218 secus
1530 1196 1634 1225 vero,
1655 1183 1807 1218 istorum
1833 1183 1895 1232 qui
1921 1183 2116 1231 apostatico

423 1245 578 1293 impulsu
608 1252 817 1286 moventur,
838 1244 1014 1279 vesaniam
1040 1252 1146 1291 atque
1176 1252 1355 1291 stuporem
1381 1252 1415 1278 et
1440 1242 1564 1291 impias
1589 1257 1629 1278 ac
1650 1243 1893 1279 fraudulentas
1915 1258 2027 1291 nugas
2049 1244 2117 1279 dis-

424 1306 582 1354 pellunt,
601 1320 642 1340 ex
666 1304 874 1340 adulterinis
899 1305 1107 1352 cogitatibus
1130 1313 1240 1350 ortas;
1262 1313 1295 1339 et
1314 1304 1416 1352 quasi
1436 1304 1563 1352 scripta
1581 1304 1619 1339 in
1640 1304 1741 1353 clppo
1762 1304 2007 1352 irreligionem
2025 1305 2117 1354 ipso-

424 1381 504 1402 rum
523 1366 803 1401 manifestissime
827 1374 1020 1414 exponunt.
1043 1365 1104 1400 Sic
1125 1364 1253 1400 deinde
1276 1378 1536 1413 quaqueversus
1556 1365 1725 1408 convicti,
1743 1379 1807 1400 ceu
1833 1366 1874 1400 ah
1900 1365 2026 1400 erroris
2049 1365 2117 1414 spi-

423 1429 493 1463 ritu
518 1427 701 1475 exagitati,
722 1427 823 1474 longe
848 1441 867 1461 a
890 1426 1008 1461 divino
1035 1435 1139 1461 coetu
1162 1435 1265 1474 atque
1289 1434 1408 1461 nostra
1435 1425 1727 1461 Christianorum
1751 1426 1830 1461 aula
1852 1426 2040 1474 pellantur.

528 1489 602 1536 Age
627 1502 708 1523 vero
731 1488 816 1537 quia
841 1501 946 1522 omne
969 1487 1099 1522 malum
1118 1487 1322 1535 inquietum
1346 1495 1396 1522 est
1418 1495 1454 1522 et
1473 1486 1634 1530 insrene,
1658 1495 1693 1521 et
1717 1486 1755 1521 in
1781 1500 1845 1521 suo
1869 1495 1958 1521 statu
1983 1500 2118 1535 perma-

423 1563 512 1584 nere
540 1549 687 1597 nequit3
713 1549 774 1583 sed
801 1548 941 1595 longius
967 1561 1104 1596 semper
1126 1547 1349 1596 procedens,
1373 1561 1497 1583 cursus
1526 1547 1581 1582 sui
1603 1547 1764 1596 requiem
1786 1561 1858 1582 non
1881 1547 2037 1594 invenit3
2061 1562 2116 1583 ve-

423 1610 491 1645 luti
518 1609 657 1644 fluviale
685 1610 864 1644 fluentum
887 1610 1023 1643 fervens
1052 1617 1086 1644 et
1115 1608 1296 1643 exundans
1321 1607 1488 1657 ripasque
1517 1622 1706 1656 superans,
1728 1621 1813 1643 cum
1839 1608 2009 1643 declivem
2037 1622 2116 1644 cur-

423 1685 576 1719 vumque
604 1671 722 1705 locum
746 1677 893 1705 nactum
918 1670 1048 1713 suerit,
1069 1669 1269 1705 nullatenus
1292 1669 1445 1717 impetus
1473 1669 1548 1704 eius
1577 1670 1712 1704 effusus
1739 1669 1969 1713 continetur,
1994 1678 2029 1704 et
2057 1670 2117 1704 ob-

423 1732 520 1766 vium
540 1731 711 1780 quidlibet
735 1733 753 1751 *ἓ
777 1731 878 1766 facile
907 1730 1039 1778 abripit
1066 1744 1259 1778 secumque
1287 1731 1376 1776 fert:
1399 1729 1445 1764 ita
1473 1738 1657 1778 postquam
1681 1730 1717 1764 in
1742 1729 1895 1778 aliquam
1922 1730 2115 1778 obrepserit

424 1792 596 1834 animam,
618 1806 706 1840 quae
730 1792 837 1827 semel
859 1792 951 1826 bono
975 1791 1165 1840 (spiritui)
1189 1791 1367 1826 nuncium
1394 1790 1589 1833 remiserit,
1616 1790 1710 1825 haud
1736 1799 1819 1825 ante
1846 1804 1865 1825 a
1892 1790 2115 1839 depascendo

426 1853 738 1901 consumendoque
760 1852 920 1895 desinet,
942 1852 1053 1887 donec
1077 1852 1114 1886 in
1137 1860 1334 1887 extremum
1363 1851 1512 1886 exitium
1532 1851 1733 1899 proiecerit.
1763 1850 1866 1886 Sicut
1887 1851 1924 1886 in
1946 1852 2010 1886 hac
2031 1866 2116 1899 quo-

424 1929 493 1963 que
517 1928 553 1949 re
577 1914 755 1950 usuvenit.
779 1912 871 1949 Ecce
893 1914 990 1948 enim
1009 1921 1196 1962 postquam
1216 1913 1301 1948 haec
1322 1912 1428 1960 pestis
1448 1911 1698 1947 hodiernorum
1719 1912 1906 1960 impiorum
1928 1912 2114 1947 celerrime

425 1975 558 2010 animas
579 1975 748 2023 pervasit,
771 1974 813 2009 ad
836 1974 1093 2009 incredulitatis
1114 1988 1254 2022 quoque
1277 1982 1381 2021 atque
1402 1987 1420 2008 a
1440 1972 1517 2008 Deo
1538 1972 1761 2007 alienationis
1782 1973 2033 2021 praecipitium
2053 1973 2116 2008 im-

424 2036 521 2084 pulit.
546 2036 639 2071 Nam
659 2036 790 2071 dolosas
810 2036 967 2084 primum
987 2035 1125 2082 linguas
1146 2035 1310 2070 adversus
1335 2033 1518 2069 Christum
1540 2042 1751 2069 exacuentes
1764 2063 1772 2077 ,
1794 2034 1928 2068 nullam
1948 2034 2112 2069 vesaniae

425 2111 507 2132 suae
527 2098 721 2132 satietatem
740 2098 915 2143 sentiunt3
936 2111 1053 2145 neque
1074 2111 1092 2131 a
1111 2096 1361 2132 calumnianda
1381 2094 1667 2130 Christianorum
1685 2095 1811 2143 pietate
1831 2104 1987 2139 cessant,
2003 2095 2113 2130 immo

424 2158 583 2206 quotidie
607 2159 867 2193 incrementum
887 2157 1042 2193 malitiae
1062 2158 1227 2206 capiunt,
1248 2157 1294 2191 ita
1316 2165 1357 2191 ut
1375 2156 1491 2205 peiora
1512 2156 1688 2204 prioribus
1709 2156 1898 2204 posteriora
1916 2157 2006 2199 sint,
2026 2156 2115 2191 mul-

426 2226 495 2252 tam
515 2219 780 2266 sycophantiam
803 2227 926 2253 contra
953 2218 1105 2253 animata
1129 2217 1283 2266 Spiritus
1307 2217 1434 2265 templa
1462 2225 1708 2259 contexentes,
1729 2231 1846 2265 neque
1869 2226 2014 2253 eatenus
2034 2219 2114 2254 sub-

425 2278 575 2323 sistunt:
601 2279 662 2314 sed
684 2279 753 2313 iam
780 2288 902 2314 contra
931 2279 1127 2314 inanimata
1151 2274 1293 2326 quoque
1321 2277 1467 2326 templa,
1489 2285 1523 2312 et
1548 2285 1667 2311 tamen
1693 2276 1830 2319 divina,
1853 2290 1980 2312 manus
2004 2291 2113 2312 arma-

425 2347 530 2384 runtg
555 2340 615 2387 qui
638 2353 756 2374 revera
779 2340 1051 2375 daemoniorum
1076 2339 1203 2387 templa
1230 2338 1363 2373 animas
1387 2352 1466 2373 suas
1491 2352 1566 2373 esse
1596 2337 1858 2381 demonstrant,
1880 2338 1967 2373 dum
1995 2338 2113 2372 existi-

424 2409 523 2434 mant
545 2400 587 2434 ad
612 2400 703 2435 idola
732 2410 910 2450 tamquam
938 2401 981 2436 ad
1010 2401 1091 2436 deos
1119 2400 1311 2446 accedere3
1336 2408 1376 2435 ut
1400 2399 1435 2434 id
1461 2399 1565 2434 etiam
1594 2399 1748 2447 ipsorum
1772 2413 1791 2433 a
1815 2393 1911 2434 recta
1939 2399 2111 2446 religione

424 2459 675 2495 alienationem
697 2469 850 2498 testetur.
879 2462 1007 2510 Neque
1037 2462 1131 2496 enim
1157 2470 1209 2496 est
1236 2461 1436 2496 communio
1461 2460 1548 2495 lucis
1573 2473 1655 2494 cum
1680 2458 1857 2502 tenebris,
1879 2473 1943 2493 nec
1974 2473 2112 2494 consor-

426 2520 515 2555 tium
536 2521 656 2568 templi
683 2521 754 2556 Dei
775 2535 855 2556 cum
883 2522 992 2558 idolis.
1016 2523 1117 2557 Adeo
1139 2530 1179 2557 ut
1206 2536 1278 2557 non
1298 2522 1488 2556 verborum
1513 2529 1616 2556 tenus
1637 2520 1849 2566 blasphemia
1875 2520 2015 2554 illorum
2042 2535 2112 2555 ser-

424 2590 500 2628 pat,
519 2581 581 2616 scd
603 2581 673 2616 iam
694 2583 857 2629 operibus
878 2597 1018 2631 quoque
1040 2584 1155 2632 peragi
1176 2583 1334 2631 nequitia
1355 2583 1494 2617 illorum
1514 2589 1712 2629 spectetur3
1730 2595 1848 2629 neque
1870 2581 2017 2616 auribus
2039 2589 2111 2616 tan-

425 2641 605 2676 tummodo
632 2641 776 2676 infamia
800 2642 941 2678 illorum
964 2644 1127 2686 insonet,
1150 2643 1209 2678 sed
1235 2652 1269 2678 et
1295 2643 1453 2678 omnium
1477 2641 1589 2676 oculis
1615 2640 1866 2688 conspicienda
1893 2650 2036 2688 prestet.

528 2702 586 2738 60.
614 2701 755 2749 Ergone
779 2712 909 2749 negant
936 2712 970 2738 et
994 2704 1156 2739 incusant
1184 2704 1340 2739 divinam
1365 2715 1599 2750 arcanamque
1624 2701 1838 2736 maiestatem
1862 2710 1966 2750 atque
1990 2710 2112 2750 poten-

426 2763 530 2805 tiam,
552 2771 588 2798 et
612 2771 688 2798 tum
710 2763 964 2811 inspiratorum
989 2773 1062 2799 tuin
1088 2765 1191 2800 ctiam
1219 2765 1465 2811 theologorum
1489 2771 1723 2811 aspernantur
1748 2763 1949 2805 doctrinas,
1971 2762 2111 2797 faciunt

426 2832 541 2859 tamen
567 2824 704 2859 minora
730 2823 852 2867 dictis,
876 2832 937 2859 aut
963 2826 1148 2873 negligunt.
1175 2826 1418 2861 demonstrare
1446 2824 1540 2872 paria
1567 2823 1792 2872 blasphemiis
1819 2825 1930 2867 sacta,
1955 2823 2008 2858 vel
2036 2837 2108 2858 non
