2203 3331
232 881 240 888 “
258 879 305 900 tuh.
323 879 349 899 V.
367 882 397 900 17.

225 1181 233 1190 ⁸
251 1180 299 1200 tuh.
316 1181 342 1201 x⁴
359 1184 391 1201 20³.

276 2395 286 2407 r·
326 2391 378 2409 vu.

446 140 489 172 56
1009 151 1037 174 S·
1066 152 1238 176 stcnruont
1266 153 1520 178 ANTumuEtht's
1547 156 1570 178 Ι.

447 205 546 238 sione
575 212 609 237 et
637 203 743 249 gratia
775 203 932 252 (absitl)
963 205 1048 242 haee
1077 216 1110 243 et
1138 209 1286 243 faciebat
1315 217 1349 242 et
1377 209 1556 257 discipulis
1590 216 1880 260 praenuntiabat,
1912 232 1976 255 ceu
2010 221 2130 259 sutura

447 277 614 309 cernens;
639 264 698 298 sed
726 264 849 312 utique
879 274 1054 315 tamquam
1082 267 1179 304 Deus
1210 269 1346 304 cunctis
1375 284 1553 318 praesens.
1582 271 1708 321 Neque
1736 275 1821 312 item
1848 278 1919 313 sola
1939 279 1973 314 vi
1995 283 2127 326 activa,

446 325 540 359 iuxta
561 324 694 371 priseos
711 324 842 373 aliquot
859 328 918 374 qui
937 326 979 361 ita
995 329 1115 375 nugati
1139 337 1240 371 sunt,
1257 342 1386 377 nempe
1408 344 1489 365 eum
1510 344 1636 367 vacuos
1657 333 1836 383 reliquisse
1860 338 1971 374 caelos
1988 354 2049 376 sua
2069 342 2127 391 hy·

442 384 590 432 postasi,
609 398 670 432 per
692 384 827 421 divinae
847 386 1101 423 incarnationis
1120 398 1276 437 tempus,
1295 398 1326 424 ct
1345 391 1623 426 substantialiter
1638 402 1812 431 versatum
1828 412 1899 433 csse
1917 400 2124 448 nobiscum3

439 444 552 478 activa
579 453 697 479 autem
723 445 757 480 vi
784 448 1025 483 tantummodo
1055 459 1089 484 et
1117 450 1298 484 maiestate
1327 450 1419 498 apud
1447 450 1567 486 Deum
1593 461 1729 500 patrem
1756 457 1927 505 extitisse3
1950 461 2124 509 quoniam

440 504 533 539 aliud
556 519 628 540 esse
652 507 900 551 substantiam,
922 509 1016 544 aliud
1038 511 1108 545 vim
1129 511 1293 554 activam,
1315 511 1406 547 sicut
1429 512 1464 546 in
1486 513 1691 561 corporibus
1711 515 1901 554 visibilibus
1915 548 1923 563 ,
1947 521 1994 555 ita
2016 522 2122 557 etiam

439 565 476 600 in
500 566 620 601 divino
642 566 756 602 Verbo
778 569 987 613 censebant,
1012 584 1116 618 quam
1137 584 1211 606 rem
1234 571 1415 606 orthodoxi
1436 581 1585 619 negant:
1610 587 1763 622 namque
1785 576 1822 611 in
1843 578 2058 627 simplicibus
2085 591 2120 617 et

438 625 650 674 incorporeis
672 628 758 662 nihil
780 629 961 676 praedicta
984 630 1125 665 differre
1147 640 1299 677 norunt3
1321 646 1409 680 quac
1432 647 1553 668 revera
1578 648 1649 669 non
1672 643 1755 670 sunt
1776 636 1928 673 invicem
1948 640 2119 676 distermi-

438 687 576 730 nanda,
599 702 642 722 ne
666 689 753 723 sorte
776 689 1008 736 imaginemur
1036 704 1109 725 esse
1141 692 1396 740 compositum,
1421 693 1451 727 id
1475 694 1571 742 quod
1594 695 1786 743 quamlibet
1814 698 1932 745 potius
1959 699 2119 749 simplici-

436 756 543 782 tatem
569 758 727 797 superat:
747 764 827 784 nam
848 764 911 784 nee
936 764 1104 798 umquam
1128 752 1241 787 divina
1262 754 1454 789 substantia
1481 755 1553 790 sine
1582 756 1722 791 actione
1746 758 1827 804 erit3
1848 773 1963 807 neque
1985 761 2119 809 absque

436 809 628 843 substantia
650 811 710 844 fiet
731 811 829 845 actio.
849 816 871 830 “
895 809 1000 844 Pater
1020 824 1140 854 meus,
1158 812 1291 860 inquit,
1308 828 1422 862 usque
1444 815 1547 849 modo
1570 826 1749 863 operatur,
1768 826 1800 852 et
1823 832 1885 866 ego
1906 833 2030 868 operor
2045 823 2071 856 *ἦ
2092 850 2115 864 ,‚

436 868 640 904 Substantia
670 871 767 905 enim
793 870 1007 905 demonstrat
1036 871 1137 907 illum
1166 875 1546 921 supersubstantialiter
1575 890 1610 910 se
1639 877 1786 921 habere,
1815 892 2018 928 semperque
2047 882 2114 917 sibi

434 943 509 964 esse
543 930 745 978 aequalem,
776 939 809 965 ct
842 929 1138 965 indeclinabiliter
1166 932 1202 965 in
1230 946 1292 967 sua
1324 934 1508 970 stabilitate
1538 945 1643 984 atquc
1677 937 1917 975 immobilitate
1950 949 2113 989 perstare.

431 989 533 1024 Actio
554 999 672 1024 autem
691 989 952 1037 providentiam
973 990 1062 1024 eirca
1083 1004 1156 1033 res,
1180 999 1215 1025 et
1235 1005 1398 1027 arcanam
1419 994 1757 1031 administrationem
1778 998 1939 1046 denotatg
1961 1002 2110 1048 quibus,

431 1050 493 1083 etsi
520 1049 781 1098 simplicitatem
808 1063 905 1085 suam
932 1050 1075 1085 minime
1103 1050 1256 1094 deserit,
1277 1052 1345 1098 agit
1368 1061 1504 1096 tamen,
1527 1063 1562 1089 et
1591 1070 1710 1091 curam
1739 1059 1896 1094 omnium
1919 1061 2017 1107 gerit.
2043 1061 2111 1096 Ve-

429 1123 506 1143 rum
536 1110 670 1144 etiamsi
698 1124 779 1145 cum
806 1110 1011 1145 hominibus
1033 1125 1099 1145 ceu
1119 1124 1225 1146 verus
1246 1112 1349 1146 homo
1376 1113 1599 1157 versabatur,
1621 1124 1809 1162 paternum
1834 1132 1906 1154 non
1935 1120 2112 1155 deserebat

427 1170 565 1214 siuum3
589 1179 762 1219 paterque
793 1179 864 1206 erat
894 1171 930 1205 in
959 1171 1054 1219 ipso,
1078 1179 1112 1206 et
1139 1172 1213 1220 ipse
1241 1172 1277 1207 in
1305 1181 1403 1220 patre
1431 1174 1458 1208 *ἦ

531 1229 570 1263 Si
599 1244 698 1277 ergo,
722 1240 759 1266 ut
786 1231 941 1266 veritatis
969 1231 1162 1266 decurrens
1190 1245 1304 1267 sermo
1333 1233 1539 1277 concludit,
1565 1234 1602 1268 in
1630 1235 1770 1283 proprio
1794 1249 1866 1270 non
1894 1236 2110 1274 circumscri-

426 1289 524 1324 bitur
553 1304 717 1339 corpore,
740 1291 827 1340 quid
849 1291 888 1327 ni
916 1306 1056 1327 omnem
1083 1293 1251 1328 stultitiae
1274 1293 1471 1329 dementiae
1501 1295 1755 1344 impietatisque
1783 1310 1987 1332 mensuram
2015 1312 2111 1334 exce-

426 1350 506 1393 det,
527 1350 555 1385 si
583 1351 661 1399 quis
689 1351 783 1386 dicat
813 1353 1054 1387 circumscribi
1082 1366 1163 1388 cum
1184 1353 1453 1402 circumscripto
1483 1368 1625 1403 corpore
1646 1355 1826 1399 Verbum,
1849 1371 1959 1405 quum
1986 1371 2110 1407 reapse

424 1411 768 1460 incircumscriptum
795 1412 953 1448 Verbum
979 1414 1051 1449 sit?
1077 1413 1170 1448 Nam
1198 1413 1301 1449 simul
1328 1424 1463 1463 sumpta
1492 1416 1601 1451 fuisse
1629 1425 1765 1465 oportet
1794 1417 1896 1452 etiam
1924 1418 2109 1466 coniugata

425 1485 547 1506 eorum
567 1486 657 1521 quae
686 1481 767 1508 sunt
788 1473 824 1508 in
846 1474 1058 1521 quaestione.
1088 1473 1280 1523 Quumque
1304 1475 1470 1510 omnibus
1491 1476 1593 1511 rebus
1616 1476 1659 1511 sit
1683 1491 1868 1525 praesens,
1888 1478 2027 1513 maioris
2051 1479 2107 1514 de·

423 1532 575 1567 mentiae
603 1534 709 1568 suerit
738 1534 954 1583 extremique
981 1534 1100 1570 delirii
1129 1534 1270 1579 dicere,
1294 1536 1446 1584 separari
1473 1550 1491 1570 a
1521 1550 1663 1585 corpore
1692 1536 1875 1580 Verbum,
1902 1538 1930 1572 si
1958 1539 2107 1574 eircum—

421 1593 589 1641 scriptum
620 1595 792 1643 (eorpus)
823 1609 896 1630 esse
923 1595 1139 1631 adfirmetur.
1167 1595 1259 1630 Nam
1285 1596 1313 1630 si
1340 1610 1358 1630 a
1385 1596 1481 1631 nulla
1508 1611 1545 1632 re
1575 1598 1695 1640 abest,
1726 1606 1758 1632 et
1784 1612 1958 1647 nusquam
1983 1599 2104 1642 deest,

421 1654 507 1702 quid
535 1654 572 1688 ni
598 1655 713 1690 verius
740 1655 901 1699 dicatur,
924 1656 1011 1691 illud
1040 1656 1077 1691 in
1104 1670 1247 1705 corpore
1271 1657 1413 1705 proprio
1441 1657 1657 1705 hypostatice
1684 1658 1752 1692 sibi
1778 1658 1878 1693 unito
1901 1667 1934 1694 et
1957 1659 2106 1695 circum·

420 1715 550 1762 scripto
570 1729 705 1764 semper
726 1717 873 1753 adesse?
893 1726 934 1753 ut
956 1718 1080 1761 simul,
1104 1726 1137 1753 et
1158 1718 1355 1753 secundum
1384 1717 1497 1761 idem,
1520 1718 1713 1766 impiorum
1734 1719 1932 1769 utrubique
1954 1720 2103 1755 absurda

420 1782 455 1809 et
481 1775 601 1810 insana
630 1786 838 1824 coarguatur
858 1778 1060 1826 pertinacia.
1090 1777 1183 1813 Nam
1201 1779 1230 1812 si
1252 1778 1418 1813 universa
1440 1787 1622 1821 ereatura,
1648 1779 1707 1814 cui
1727 1794 1892 1828 praesens
1921 1789 1972 1816 est
2000 1781 2105 1816 incir-

421 1837 631 1884 cumscripte
650 1836 764 1881 Deus,
782 1838 1089 1887 incircumscripta
1110 1847 1216 1882 esset,
1236 1839 1363 1873 valeret
1384 1839 1415 1873 ei
1436 1840 1577 1874 fortasse
1601 1839 1734 1888 aliquid
1756 1841 2009 1887 argumentatio
2031 1853 2102 1875 sua.

419 1895 483 1931 Sin
507 1906 629 1932 contra
651 1899 768 1934 omnia
792 1899 1056 1948 circumscripta
1078 1908 1182 1942 sunt,
1204 1914 1268 1934 cur
1288 1900 1376 1934 haec
1396 1900 1615 1934 insulsissima
1638 1908 1671 1934 et
1692 1899 1815 1947 frigida
1840 1899 2017 1934 contentio
2039 1901 2097 1943 fit,

416 1971 503 2005 quae
531 1972 549 1992 a
576 1959 718 2006 proprio
747 1967 881 1994 tantum
912 1974 1056 2008 corpore
1083 1959 1237 1995 Verbum
1259 1959 1493 1995 exterminat?
1519 1959 1609 1994 Vere
1634 1959 1736 1994 telam
1759 1959 1880 1995 aranei
1906 1968 2099 1995 contexunt

415 2017 478 2065 qui
504 2018 565 2052 ista
592 2019 732 2067 sapiunt
761 2028 793 2054 et
822 2020 964 2055 dicunt!

518 2081 576 2125 42.
606 2079 668 2114 His
691 2080 736 2114 ita
757 2081 960 2128 disputatis,
982 2080 1134 2129 reliquas
1163 2080 1334 2115 sermonis
1357 2080 1471 2115 nostri
1490 2088 1606 2128 partes
1627 2093 1890 2128 persequamur.
1921 2078 2097 2125 Quoniam

417 2152 456 2173 ex
485 2139 691 2187 duplicitate
721 2141 912 2177 conflatum
937 2141 1121 2177 lVIamonas
1152 2141 1331 2177 Christum
1359 2141 1536 2183 adfirmat,
1558 2141 1584 2175 si
1615 2149 1706 2175 certe
1737 2139 1769 2174 ei
1798 2153 2000 2175 conservare
2022 2141 2095 2176 vult

415 2212 518 2245 quam
545 2200 688 2236 bucinat
716 2201 878 2250 inclytam
906 2210 937 2237 et
959 2202 1136 2249 'egregiam
1164 2202 1377 2250 duplicitatis
1405 2201 1697 2250 appellationem,
1726 2200 2033 2250 circumscriptum
2060 2202 2095 2235 in

414 2258 576 2294 alterutra
598 2275 637 2295 ex
658 2262 709 2296 his
731 2262 861 2297 naturis
886 2263 1048 2297 confiteri
1072 2262 1252 2297 Christum
1275 2262 1428 2298 deberet.
1453 2261 1544 2307 Quia
1565 2275 1646 2295 vero
1667 2261 1702 2295 id
1725 2275 1799 2296 non
1821 2261 2006 2304 concedit,
2028 2262 2097 2296 dis-

415 2317 557 2353 solvitur
580 2320 611 2354 ei
641 2331 866 2370 compactum
893 2324 961 2358 hoc
991 2332 1025 2358 et
1052 2323 1246 2359 mirificum
1273 2322 1488 2370 duplicitatis
1514 2321 1747 2364 vocabulum,
1771 2322 1917 2369 ipsoque
1946 2321 2095 2369 duplici-

415 2378 492 2412 tatis
520 2381 666 2415 artificio
696 2382 897 2431 callidisque
919 2383 991 2418 suis
1018 2383 1287 2432 sophismatibus
1312 2383 1523 2418 denudatur.
1552 2381 1613 2417 Est
1634 2391 1750 2417 autem
1775 2381 1916 2429 superbi
1943 2381 2093 2417 hominis

412 2439 544 2487 sibique
572 2441 675 2475 nimis
703 2443 871 2490 placentis
899 2444 1075 2487 officium,
1096 2458 1149 2479 res
1172 2444 1263 2478 ultra
1284 2458 1415 2492 aequos
1436 2444 1520 2478 fines
1545 2443 1691 2491 positas,
1715 2449 1814 2477 aereo
1841 2441 1953 2476 veluti
1982 2455 2091 2478 cursu

410 2500 662 2548 pervestigare3
685 2503 726 2537 ab
749 2504 925 2539 iisautem
946 2519 1031 2553 quas
1053 2505 1083 2539 ei
1103 2505 1276 2553 dispicere
1298 2519 1339 2540 ac
1360 2503 1531 2552 speculari
1556 2503 1693 2545 liceret,
1716 2501 1898 2536 manifeste
1919 2502 2090 2538 aberrare.

411 2560 608 2609 Oportebat
628 2562 722 2597 enim
744 2577 784 2598 ex
805 2564 846 2598 iis
867 2579 956 2613 quae
985 2574 1086 2600 antea
1107 2564 1213 2608 dixit,
1235 2564 1452 2613 praesentire
1475 2572 1580 2611 atque
1610 2562 1825 2608 intelligere,
1846 2563 1932 2611 quid
1955 2563 2019 2597 sibi
2039 2563 2089 2595 in·

410 2622 529 2657 didem
548 2623 638 2657 soret
659 2623 898 2660 obventurum.
920 2625 972 2661 Ex
992 2625 1195 2673 duplicitate
1220 2633 1377 2660 constare
1401 2623 1585 2659 Christum
1606 2623 1750 2658 censet?
1772 2622 1959 2671 Propterea
1979 2622 2087 2669 igitur

411 2691 444 2717 et
466 2683 677 2732 compositus
698 2684 841 2719 omnino
869 2687 942 2722 erit.
972 2686 1063 2722 Nam
1090 2686 1119 2722 si
1145 2700 1201 2721 res
1231 2685 1396 2733 simplex,
1419 2692 1469 2719 est
1495 2683 1744 2731 incomposita3
1767 2684 1861 2732 quod
1883 2698 1922 2719 ex
1944 2681 2088 2729 duplici-

409 2751 478 2778 tate
500 2744 699 2791 consurgit,
720 2745 953 2793 compositum
975 2755 1033 2783 est.
1063 2746 1161 2793 Quid
1184 2760 1262 2793 ergo
1284 2746 1470 2794 sequitur?
1500 2743 1538 2779 Si
1560 2744 1866 2793 incircumscripta
1890 2751 1936 2778 est
1956 2742 2083 2784 deitas,

409 2803 492 2851 quia
518 2804 663 2853 simplex
693 2813 726 2840 et
755 2805 1003 2853 incomposita3
1031 2807 1127 2856 quod
1159 2821 1200 2843 ex
1227 2806 1432 2855 duplicitate
1463 2805 1696 2854 compositum
1722 2814 1795 2850 est,
1824 2803 1910 2853 quid
1942 2802 2086 2837 demum
