2203 3331
261 507 296 526 tir.
313 512 334 531 μ.
350 508 381 526 37.

262 2690 298 2710 Cr.
313 2696 334 2716 p.
351 2693 383 2710 235.

423 134 485 166 180
1008 140 1035 163 s.
1061 140 1233 163 Nicernom
1258 139 1493 162 APOLOGETICUS

419 196 638 232 attribuant?
668 204 705 229 ut
723 223 730 237 ,
759 194 931 243 siquidem
961 196 1206 230 ethnicismum
1234 196 1319 228 forte
1350 194 1505 242 profiteri
1532 193 1683 229 debeant
1701 223 1708 237 ‚
1736 196 1986 244 praerogativas
2013 212 2085 237 non

421 259 588 303 ignorent.
617 255 743 290 Mirari
765 264 879 290 autem
909 270 1128 304 summopere
1150 263 1284 303 oportet
1307 254 1449 289 illorum
1470 254 1732 302 stupiditatem,
1755 257 1816 305 qui
1841 257 1965 292 nolunt
1987 258 2088 294 intel-

420 318 543 363 ligere,
568 316 592 350 si
614 315 701 350 nihil
729 316 847 358 aliud,
869 324 962 351 certe
990 316 1083 364 quod
1111 315 1304 363 unicuique
1334 314 1493 361 religioni
1522 323 1571 349 est
1598 315 1771 362 peculiare
1787 345 1794 359 ,
1818 326 1851 352 et
1876 318 2085 366 templorum

418 392 456 411 ac
478 376 733 411 sacrificiorum
755 376 1012 418 diversitatem,
1035 376 1190 424 denique
1215 374 1407 420 imaginum
1430 388 1569 422 quoque
1593 374 1837 413 differentiam.
1868 377 1958 412 Nam
1979 379 2088 413 sicuti.

420 452 456 471 ea
485 451 572 484 quae
598 437 806 479 adorantur,
829 437 993 471 attributa
1023 450 1081 470 sua
1111 436 1197 469 citra
1219 448 1357 470 omnem
1387 435 1680 483 comparationem
1708 436 1855 483 habentg
1879 447 1962 473 sunt
1991 439 2086 474 enim

418 498 481 532 alia
502 497 644 545 quidem
666 497 779 531 divina
803 506 836 531 et
856 496 1069 538 veneranda,
1092 495 1156 530 alia
1178 510 1257 530 vero
1280 495 1499 530 daemoniaca
1521 503 1554 529 et
1575 496 1805 542 exsecrandag
1824 497 1870 532 ita
1891 499 2086 534 dicendum

418 566 467 592 est
489 557 579 591 locos
607 571 765 605 quoque,
787 557 848 591 ubi
877 557 991 592 cultus
1016 556 1212 604 peragitur,
1234 569 1299 590 nec
1321 569 1390 589 non
1414 556 1501 590 ritus
1516 583 1523 597 ‚
1547 556 1826 591 manifestissime
1853 557 1947 592 inter
1969 572 2002 593 se
2023 559 2089 593 dif-

419 620 516 653 ferre.
544 617 633 652 Nam
660 632 748 666 quae
777 626 859 653 sunt
888 618 1088 658 tenebrosa,
1112 625 1145 650 ct
1172 616 1275 663 digna
1306 616 1482 658 tenebris,
1507 616 1711 664 plerumque
1740 617 1775 651 in
1805 618 1956 652 tenebris
1980 632 2088 665 agun-

417 687 489 714 tur:
511 678 548 712 in
569 678 807 713 subterraneis
830 692 955 726 nempe
979 677 1089 724 adytis
1113 677 1288 724 antrisque
1311 676 1525 712 initiationes
1545 677 1654 713 fiunt:
1675 686 1790 712 nostra
1811 691 1889 712 vero
1903 706 1911 720 ,
1932 678 2087 726 quando·

416 739 557 787 quidem
580 740 614 773 in
635 739 764 774 lumine
787 739 904 774 vultus
927 737 1071 772 Domini
1096 737 1313 779 incedimus,
1336 737 1371 771 in
1394 737 1646 772 illuminatione
1670 737 1780 772 divini
1802 738 1995 786 splendoris
2020 738 2089 786 ple·

414 813 527 847 naquc
553 800 588 834 in
614 799 692 834 luce
718 799 920 833 revelantur
944 797 1127 846 mysteria,
1150 797 1232 846 quia
1257 797 1316 831 lux
1342 806 1432 832 sunt.

520 862 576 895 31.
605 860 679 907 Age
703 873 782 894 vero
807 859 910 893 etiam
934 858 1126 905 imaginum
1152 858 1457 906 (qnandoquidem
1479 858 1675 893 multifidus
1697 867 1747 893 cst
1772 873 1889 902 error,
1912 860 2084 907 multique

414 921 505 969 apud
531 921 686 956 ethnicos
711 920 759 954 dii
782 920 1038 968 daemonesque
1060 921 1165 966 sunt)
1192 932 1330 953 necesse
1354 928 1403 953 est
1426 919 1541 966 plures
1563 933 1634 954 esse
1656 921 1802 963 formas,
1826 929 1859 954 et
1884 920 2010 967 figuras
2034 934 2086 954 va-

416 981 483 1015 rias
501 990 602 1029 atque
622 980 849 1027 multiplices,
867 979 1050 1027 specieque
1069 978 1234 1021 diversas,
1252 978 1472 1026 invicemque
1492 979 1692 1022 dissimiles,
1712 980 1874 1028 ettipsum
1892 980 1979 1015 illud
2000 980 2086 1015 rude

416 1041 609 1088 unicuique
638 1041 709 1075 Deo
734 1040 886 1088 positum
910 1039 1135 1074 simulacrum
1160 1047 1295 1087 oportet
1320 1039 1472 1074 differre.
1500 1038 1607 1087 Apud
1635 1054 1695 1074 nos
1723 1049 1840 1075 autem
1868 1040 2085 1075 Christianos

415 1114 525 1149 quum
547 1100 688 1148 simplex
710 1100 751 1134 sit
774 1108 807 1134 et
830 1099 978 1133 indivisa
999 1099 1146 1141 veritas,
1167 1099 1249 1147 quia
1273 1113 1364 1134 unus
1394 1108 1443 1133 est
1468 1098 1627 1134 Clu-istus
1642 1128 1649 1142 ‚
1671 1114 1742 1134 una
1765 1114 1904 1148 quoque
1936 1110 1985 1135 est
2007 1101 2087 1135 ima-

415 1161 504 1208 ginis
527 1161 599 1195 eius
622 1160 770 1208 speeies,
794 1161 1042 1209 characterque
1066 1159 1187 1194 similis
1210 1173 1249 1194 ex
1272 1174 1343 1195 uno
1367 1161 1556 1208 archetypo
1577 1174 1712 1208 semper
1732 1161 1938 1208 procedens.
1962 1160 2087 1203 Sicut,

416 1222 562 1269 exempli
591 1235 716 1263 eausa,
737 1222 779 1255 ab
805 1235 876 1255 uno
902 1220 1007 1256 anulo
1034 1221 1132 1269 plura
1161 1221 1251 1255 fiunt
1276 1229 1420 1268 ectypa,
1441 1234 1653 1269 quamquam
1677 1221 1720 1255 ob
1745 1230 1872 1256 aetates
1899 1221 2086 1269 aliquando

416 1291 448 1317 et
473 1283 633 1318 locorum
655 1282 692 1316 in
718 1282 845 1330 quihus
869 1291 1050 1316 versantur
1073 1282 1284 1324 idiotismos,
1306 1282 1426 1317 habitu
1450 1291 1484 1316 et
1504 1283 1618 1317 forma
1642 1296 1765 1330 parum
1790 1282 1873 1330 quid
1895 1282 2086 1328 differunt}

415 1352 449 1378 et
472 1343 726 1391 multiplicatur
754 1343 915 1391 quidem,
938 1343 997 1378 sed
1025 1343 1117 1378 idem
1143 1351 1261 1378 manet
1289 1357 1469 1391 unumque
1500 1343 1707 1378 subiectum.
1737 1342 1839 1378 Sicut
1867 1343 1969 1378 etiam
1995 1357 2086 1378 unus

415 1413 532 1439 manet
553 1404 713 1452 idemque
736 1404 824 1451 ignis
839 1432 846 1446 ,
871 1404 1005 1438 etiarnsi
1026 1418 1065 1438 ex
1087 1418 1157 1438 una
1183 1403 1340 1452 lampade
1369 1404 1499 1438 multae
1520 1404 1783 1447 accendantur,
1805 1404 1923 1439 studio
1947 1413 1979 1438 et
2000 1404 2089 1439 fidu-

416 1465 467 1499 cia
494 1478 618 1500 corum
638 1465 698 1513 qui
726 1464 781 1498 illa
803 1473 904 1511 egent
935 1465 1042 1511 gratia
1064 1473 1097 1498 et
1118 1464 1281 1499 utilitate.
1311 1463 1575 1499 Sacrificiorum
1598 1478 1678 1499 vero
1702 1473 1831 1512 quanta
1857 1464 1899 1499 sit
1923 1464 2088 1498 differen-

418 1526 480 1569 tia,
499 1526 736 1561 demonstrare
757 1538 906 1573 pronum
928 1534 995 1570 estg
1016 1539 1097 1560 cum
1117 1534 1237 1560 nostro
1259 1525 1354 1559 enim
1375 1525 1561 1560 incruento
1586 1534 1616 1559 et
1641 1525 1874 1559 sacratissimo
1896 1525 2086 1565 sacrificio,

414 1600 600 1635 quamnam
623 1587 756 1621 habent
783 1586 1066 1620 communionem
1090 1584 1315 1619 detestandae
1339 1585 1415 1618 illae
1441 1593 1473 1618 et
1499 1585 1661 1631 profanae
1685 1584 1990 1620 abominationes?
2021 1576 2026 1581 ⁴

519 1648 576 1682 32.
605 1646 710 1691 Quod
736 1646 763 1679 si
788 1645 912 1687 semel,
935 1653 974 1679 ut
997 1644 1051 1679 isti
1078 1644 1196 1686 aiunt,
1219 1644 1308 1678 idola
1334 1643 1592 1686 adoraverunt,
1616 1658 1677 1678 cur
1700 1644 1739 1678 iis
1766 1644 1917 1678 cultores
1941 1644 1992 1678 sui
2014 1657 2087 1678 non

416 1722 485 1742 non
511 1708 577 1741 sint
604 1707 723 1749 invisi,
745 1707 825 1754 quia
854 1706 889 1740 in
915 1706 1035 1740 alienis
1060 1705 1198 1753 templis
1227 1705 1375 1740 colunt?
1399 1704 1573 1752 quomodo
1602 1705 1743 1739 illorum
1772 1704 1858 1739 iram
1885 1705 2088 1752 perferent?

416 1768 484 1802 Par
508 1776 556 1802 est
585 1767 679 1802 enim
704 1767 776 1801 illos
799 1766 1051 1801 excandescere
1066 1794 1073 1808 ,
1096 1765 1192 1813 quod
1215 1779 1364 1813 possessa
1387 1764 1468 1798 olim
1493 1765 1637 1812 templa,
1659 1765 1695 1798 hi
1717 1778 1788 1798 non
1813 1764 1968 1799 excitant
1989 1778 2089 1799 reno—

414 1837 588 1876 vantque,
610 1827 802 1862 diutissime
832 1827 898 1860 iam
926 1827 1043 1861 diruta
1071 1826 1216 1874 soloque
1247 1833 1453 1873 exaequata,
1478 1839 1630 1872 quorum
1657 1824 1849 1859 multorum
1876 1839 1918 1859 ne
1946 1825 2086 1871 vestigia

416 1889 560 1938 quidem
589 1896 742 1923 manent.
768 1886 907 1922 Vellent
928 1887 1066 1935 itaque,
1088 1895 1126 1921 nt
1150 1886 1232 1920 illuc
1258 1900 1293 1920 se
1321 1886 1540 1920 conferentes
1561 1885 1745 1920 adorarent
1770 1885 1968 1920 necessario
1992 1899 2088 1919 exor-

416 1958 610 1997 narentque
640 1948 822 1983 simulacra
847 1961 992 1989 corum,
1016 1956 1047 1981 et
1077 1960 1249 1993 congruas
1274 1945 1340 1980 iltis
1367 1945 1492 1979 hostias
1521 1945 1722 1987 adferrent,
1745 1945 1919 1993 siquidem
1947 1960 2003 1979 eas
2032 1945 2088 1980 uti

416 2024 487 2045 mos
511 2011 578 2045 fuit
603 2018 737 2056 gustare
763 2008 910 2051 vellent,
934 2008 1069 2055 adipem
1093 2007 1317 2042 victimarum
1339 2006 1500 2048 edentes,
1522 2006 1732 2041 libationum
1759 2006 1881 2040 viuum
1905 2006 2086 2049 bibentes,

418 2072 652 2106 immiscentes
676 2084 711 2104 se
737 2070 832 2104 sumo
858 2084 898 2103 ae
920 2061 1061 2111 nidori,
1085 2077 1118 2102 et
1142 2081 1284 2102 ararum
1308 2067 1490 2101 cruoribus
1516 2080 1554 2101 ac
1583 2067 1660 2101 tabo
1690 2067 1887 2114 inquinatig
1913 2067 1940 2101 si
1971 2075 2087 2102 tamen

418 2132 506 2167 serre
530 2140 691 2180 poterunt
713 2130 868 2165 sordium
889 2130 1025 2164 illarum
1047 2130 1237 2171 foetorem,
1257 2128 1320 2177 qui
1341 2141 1476 2175 semper
1498 2128 1617 2162 sensui
1639 2127 1801 2162 molestus
1821 2137 1879 2164 est.
1899 2127 2086 2173 Quomodo

419 2207 496 2240 crgo
518 2193 672 2226 infelices
695 2191 731 2225 hi
751 2191 866 2225 animo
891 2200 923 2225 et
947 2190 1065 2237 lingua
1086 2203 1157 2224 non
1177 2189 1471 2236 perhorrescunt,
1495 2202 1546 2222 res
1569 2196 1637 2222 tam
1657 2188 1771 2222 valido
1792 2189 2014 2224 munimento
2037 2189 2088 2223 di-

417 2253 522 2295 visas,
543 2266 606 2300 per
628 2265 802 2286 summum
826 2251 938 2286 scelus
964 2251 1111 2285 miscere
1137 2259 1242 2298 atque
1267 2249 1503 2284 connectere?
1528 2248 1711 2294 Quomodo
1734 2250 1887 2296 perferet
1912 2248 2009 2284 Deus
2037 2249 2087 2283 in-

419 2313 507 2347 iuria
531 2313 664 2348 laesus?
687 2311 849 2360 Denique
875 2310 1219 2346 animadvertendum
1246 2318 1318 2352 est,
1339 2309 1516 2357 duplicem
1541 2323 1615 2343 esse
1641 2309 1780 2344 illorum
1802 2309 1838 2343 in
1860 2310 1922 2344 hac
1946 2324 2006 2344 sua
2031 2309 2088 2344 ad—

417 2387 537 2408 versus
562 2387 625 2407 nos
649 2373 823 2407 calumnia
847 2372 1090 2421 i11iquitate1113
1112 2371 1225 2419 primo
1250 2371 1329 2419 quia
1355 2379 1477 2405 contra
1502 2379 1637 2405 rectum
1660 2370 1785 2417 dogma
1805 2370 2005 2416 deeertantg
2026 2370 2087 2404 ite-

418 2447 497 2469 rum
523 2433 603 2481 quia
631 2433 738 2467 oratio
765 2433 902 2468 illorum
931 2433 1082 2468 multum
1108 2433 1212 2467 habet
1239 2431 1309 2466 litis
1337 2440 1369 2466 et
1397 2431 1651 2466 controversiae
1679 2445 1719 2466 ex
1746 2430 1892 2466 falsitate
1921 2431 1990 2478 ipsa
2018 2443 2089 2465 ma-

418 2495 557 2537 nantis,
583 2503 659 2529 utra
683 2493 824 2528 demum
850 2494 920 2529 utri
944 2493 1087 2528 sutilitas
1111 2501 1271 2541 praestet.

522 2556 579 2590 33.
607 2553 749 2589 Etenim
774 2554 902 2588 idolum
927 2554 1097 2602 appellare
1120 2553 1298 2588 servatoris
1324 2553 1436 2587 nostri
1462 2551 1592 2587 Christi
1617 2550 1685 2586 Dei
1709 2551 1942 2586 venerandam
1970 2551 2088 2599 imagi-

420 2629 499 2650 nem
520 2615 555 2649 hi
580 2614 834 2649 Christomachi
854 2629 924 2649 non
947 2615 1184 2660 erubueruntg
1206 2614 1360 2662 itemque
1382 2613 1484 2660 nugis
1509 2611 1727 2648 Christianos
1749 2612 1947 2647 obtundere
1962 2641 1969 2655 ,
1991 2613 2085 2660 quod

423 2687 595 2725 tamquam
620 2675 703 2710 deos
726 2688 840 2709 sacras
869 2675 1034 2722 imagines
1061 2675 1198 2722 colant;
1222 2683 1364 2723 stupore
1392 2682 1485 2708 tanto
1507 2682 1608 2721 atque
1630 2672 1779 2707 amentia
1803 2673 1840 2707 hi
1868 2682 2085 2708 accusatores

422 2736 592 2784 correpti,
614 2744 654 2771 ut
674 2749 788 2784 neque
819 2735 994 2769 cultarum
1020 2749 1138 2770 rerum
1166 2743 1376 2782 cognoscant
1397 2743 1578 2776 naturam,
1599 2748 1715 2781 neque
1742 2733 1931 2768 colentium
1958 2733 2089 2768 intelli-

422 2806 503 2845 gant
523 2797 754 2840 sententiam,
775 2809 986 2845 quamquam
1008 2796 1093 2832 haec
1115 2795 1395 2831 manifestissime
1417 2802 1579 2844 pateant:
1604 2794 1748 2830 interim
1772 2802 1888 2830 tamen
1913 2794 1953 2830 ad
1974 2806 2088 2830 unum
