2203 3331
627 196 791 221 ADVERSUS
817 193 1061 219 CONSTANTINUM
1087 193 1320 217 cornommmt.
1775 181 1816 215 81

133 271 216 296 nam
236 253 450 305 adsumpsit,
473 263 507 290 et
526 254 782 290 humanitatem
804 252 841 287 in
863 249 1001 286 cunctis
1021 249 1211 297 perfectam
1229 248 1397 291 retinuit,
1420 247 1567 283 credere
1588 246 1731 289 nolunt,
1755 247 1819 281 cir-

138 318 326 356 cumscribi
348 317 383 351 id
406 325 459 352 est
484 315 584 364 pingi
610 328 708 362 posse
731 327 770 348 ac
792 311 963 360 figurari?
993 309 1087 344 Sane
1112 317 1300 356 utrumque
1330 309 1365 343 in
1395 323 1435 343 eo
1460 308 1638 357 apparuit3
1663 307 1819 356 quando-

137 380 279 430 quidem
299 377 401 413 nobis
421 391 563 426 quoque
585 376 670 410 haec
690 373 926 414 usuveniunt,
947 383 1101 420 quorum
1127 368 1249 404 similis
1271 368 1299 403 is
1323 383 1394 404 esse
1417 369 1546 411 voluit,
1570 369 1658 403 nihil
1681 377 1820 416 praeter

138 448 325 488 peccatum
349 438 523 474 omittens.
551 435 685 471 Totum
703 434 832 483 quippe
853 441 1012 467 veterem
1033 429 1211 464 Adamum
1232 442 1344 463 novus
1368 429 1542 475 gestabat,
1564 438 1603 463 ut
1624 429 1659 462 in
1681 428 1821 476 culpam

139 501 273 548 lapsum
300 508 440 548 propter
460 497 571 533 divini
594 494 770 544 praecepti
790 492 1102 540 transgressionem
1115 519 1123 534 ,
1144 491 1174 525 is
1194 490 1255 538 qui
1276 489 1350 523 sine
1373 498 1516 536 peccato
1542 497 1591 524 est
1611 489 1654 524 ad
1677 489 1820 536 gratiam

141 575 262 596 secum
282 561 462 596 relevaret.
489 558 585 594 Num
606 556 757 603 denique
781 569 815 589 se
836 554 930 602 ipsos
951 566 1094 601 quoque
1108 580 1116 595 ,
1138 565 1204 586 ceu
1234 550 1388 585 eiusdem
1412 550 1586 597 plasmatis
1607 559 1738 598 partes,
1761 549 1824 584 cir-

143 622 372 670 cumscriptos
396 634 466 656 esse
489 632 561 653 non
584 616 750 658 credent,
772 623 813 650 ut
833 615 882 649 sic
903 615 1099 648 humanam
1119 612 1221 647 etiam
1241 619 1405 646 naturam
1424 610 1609 646 amittant?
1631 611 1703 645 Nos
1727 619 1821 645 certe

142 683 319 718 credimus
342 690 374 716 et
394 679 658 729 praedicamus,
681 684 822 724 propter
842 687 1015 710 summam
1036 687 1124 721 quac
1145 672 1184 707 in
1207 686 1247 707 eo
1270 680 1319 706 cst
1341 685 1419 718 erga
1440 671 1600 705 homines
1623 671 1823 714 caritatem,

142 743 302 777 divinum
322 741 482 776 Verbum
496 767 504 781 ,
526 746 565 772 ut
592 745 788 771 creaturam
814 749 915 771 suam
936 735 972 769 in
995 734 1176 782 antiquam
1202 731 1458 779 ingenuitatem
1484 740 1691 778 reponeret,
1713 732 1825 779 prifflo

143 803 286 852 quidem
306 802 343 836 in
365 799 603 835 sanctissimae
632 796 751 831 matris
774 809 925 844 vereque
950 794 1112 842 deiparae
1135 801 1236 828 utero
1257 792 1434 833 habitans,
1456 805 1597 826 carnem
1622 792 1696 826 sine
1719 792 1824 827 dubio

143 871 299 898 nostram
321 875 361 896 ex
387 859 553 906 virgineis
582 858 814 905 sanguinibus
843 855 1039 904 sumpsisse.
1068 854 1160 890 Nam
1187 862 1221 888 et
1249 853 1320 901 ipsa
1340 852 1449 899 Virgo
1478 853 1579 887 homo
1608 861 1700 895 erat,
1723 867 1741 887 a
1769 866 1827 887 na=

144 932 223 958 tura
248 930 368 956 nostra
396 920 598 956 nullatenus
625 919 820 960 differens,
848 917 1030 964 sanctitate
1059 924 1196 950 tantum
1225 928 1263 949 ac
1292 914 1441 962 puritate
1472 922 1620 948 cunctos
1648 913 1826 950 excedens.

146 983 306 1019 Christus
326 990 445 1017 autem
466 982 570 1016 homo
592 981 785 1028 perfectus,
802 993 877 1014 non
899 977 1114 1027 phantastice
1135 989 1253 1024 neque
1275 984 1480 1023 apparenter
1500 976 1549 1023 (1)
1571 974 1742 1017 existens,
1758 974 1827 1022 ipsc

142 1056 177 1078 se
199 1043 236 1076 in
257 1041 477 1077 humanitate
501 1055 563 1076 sua
589 1040 874 1088 circumscripsit.
904 1038 1046 1073 Abhinc
1077 1037 1171 1072 enim
1196 1036 1447 1085 principalibus
1470 1035 1687 1083 propriisque
1714 1035 1831 1069 verbo·

144 1116 223 1138 rum
246 1103 500 1150 significatibus
523 1101 696 1137 utendum
719 1102 795 1136 erit.
822 1100 868 1136 Et
888 1099 1043 1149 quamvis
1068 1097 1248 1139 Christus,
1271 1097 1324 1132 uti
1346 1096 1528 1139 Verbum,
1551 1096 1644 1131 idem
1664 1096 1725 1144 qui
1747 1109 1831 1130 sem-

143 1177 208 1212 per
229 1172 319 1198 esset
349 1162 570 1212 impassibilis
586 1191 593 1205 ,
616 1170 648 1197 et
671 1160 1050 1209 incircumscriptionis
1072 1167 1178 1207 atque
1207 1158 1320 1193 omnis
1346 1157 1527 1192 infinitatis
1553 1157 1830 1205 circumscriptio

145 1238 186 1259 ac
214 1223 412 1269 terminu53
435 1223 564 1258 deinde
586 1231 702 1257 tamen
718 1251 726 1265 ,
748 1231 788 1257 ut
809 1222 938 1264 voluit,
959 1221 1055 1255 illinc
1083 1219 1250 1268 prodiens
1265 1247 1273 1260 ,
1295 1218 1333 1252 in
1358 1218 1525 1266 spelunca
1547 1226 1580 1252 ct
1601 1218 1755 1266 praesepi
1780 1231 1832 1252 re-

148 1283 319 1327 clinatus,
336 1284 451 1319 fasciis
474 1284 672 1326 involutus,
694 1282 983 1330 circumscriptus
1006 1295 1106 1316 carne
1130 1280 1196 1315 suit
1215 1288 1248 1313 et
1264 1279 1436 1315 limitatus.
1454 1278 1505 1313 Ex
1526 1293 1596 1326 quo
1619 1287 1730 1313 cetera
1748 1293 1833 1326 quo-

146 1357 216 1392 que
241 1345 316 1379 eius
340 1346 477 1393 corpori
501 1344 771 1392 circumscripto
800 1343 1029 1388 accideruut3
1051 1340 1281 1376 circumcisus
1302 1340 1369 1375 fuit
1384 1369 1392 1383 ,
1412 1339 1627 1388 baptizatus,
1650 1340 1834 1388 corporali-

148 1412 200 1438 ter
223 1405 515 1453 circumscriptus
538 1405 580 1452 (i.
599 1419 627 1440 e.
646 1405 817 1451 obrutus)
841 1403 876 1438 in
899 1403 1000 1451 aquis
1015 1431 1022 1445 ,
1042 1410 1075 1436 et
1097 1416 1114 1436 a
1137 1415 1236 1436 servo
1260 1401 1408 1435 traditus
1429 1401 1464 1434 in
1489 1414 1631 1435 crucem
1652 1409 1701 1436 est
1724 1401 1835 1435 subla—

147 1472 221 1507 tus,
240 1467 412 1513 perfossus
433 1466 469 1500 in
490 1466 618 1508 latere,
637 1479 762 1500 necem
780 1479 841 1513 pro
861 1464 962 1499 nobis
980 1462 1141 1511 pertulit,
1157 1461 1312 1510 sepultus
1331 1462 1367 1496 in
1384 1470 1634 1505 monumento,
1653 1462 1713 1496 ubi
1731 1462 1834 1497 etiam

148 1526 378 1572 corporaliter
406 1526 472 1561 fuit
500 1526 797 1573 circumscriptus.
826 1524 966 1559 Deinde
996 1524 1098 1559 tertia
1118 1523 1174 1558 dic
1198 1522 1411 1565 resurrexit,
1436 1522 1566 1558 calcata
1590 1531 1708 1571 utpote
1733 1522 1834 1558 Deus

148 1594 257 1620 morte
272 1614 280 1628 ‚
301 1587 519 1635 mortuisque
544 1586 741 1621 libertatem
764 1600 802 1621 ac
827 1586 934 1620 vitam
957 1585 1099 1632 largitus
1121 1593 1180 1620 est.

253 1645 353 1692 Quid
382 1661 463 1694 ergo
484 1661 542 1681 vos
562 1647 677 1682 dicitis
691 1675 700 1690 ,
722 1646 785 1695 qui
815 1645 1167 1694 incircumscriptum
1190 1644 1396 1689 clamitatis,
1419 1654 1454 1681 et
1474 1644 1652 1694 opinionis
1678 1645 1835 1693 inopina-

149 1706 229 1741 bilis
256 1707 430 1742 haeresim
458 1707 671 1743 sectamini?
701 1706 772 1752 Qui
800 1706 917 1741 fasciis
945 1706 1159 1749 involvitur,
1188 1706 1225 1740 in
1252 1706 1410 1754 praesepi
1437 1707 1652 1750 reclinatur,
1683 1716 1716 1742 et
1745 1707 1833 1741 intra

150 1781 298 1815 specum
317 1769 546 1811 continetur,
567 1767 624 1803 hic
647 1768 791 1816 inquam
816 1767 1140 1809 circumscribitur,
1161 1781 1226 1801 nec
1249 1768 1320 1802 nc?
1349 1766 1445 1813 Quid
1466 1769 1592 1816 porro?
1615 1769 1812 1817 baptizatus
1826 1797 1834 1811 ,

150 1828 357 1870 crucifixus,
381 1829 423 1863 ad
447 1837 645 1864 extremum
666 1837 897 1863 monumento
919 1828 1109 1864 conclusus
1124 1856 1132 1870 ,
1154 1827 1325 1862 definitur
1346 1842 1392 1862 ne
1413 1828 1465 1862 his
1487 1837 1590 1877 atque
1613 1829 1835 1871 continetur,
1873 1846 1909 1865 m.

150 1901 218 1922 nec
246 1890 318 1924 ne?
344 1888 438 1924 Nam
465 1889 558 1937 quod
584 1904 655 1924 non
682 1897 733 1924 est
757 1889 1067 1937 circumscriptum
1082 1917 1090 1931 ,
1111 1903 1155 1923 ne
1178 1888 1215 1923 in
1236 1888 1311 1923 loco
1335 1888 1478 1937 quidem
1500 1898 1568 1926 est:
1592 1890 1686 1938 quod
1711 1891 1741 1924 si
1766 1904 1837 1925 non

151 1957 202 1982 est
230 1948 267 1983 in
294 1949 393 1991 loco,
416 1964 462 1984 ne
491 1964 616 1997 corpus
644 1949 806 1998 quidem:
831 1950 925 1998 quod
953 1950 982 1984 si
1009 1963 1081 1984 non
1109 1957 1161 1984 est
1190 1963 1337 1997 corpus,
1363 1949 1472 1984 multo
1501 1950 1615 1985 minus
1642 1951 1746 1986 homo
1775 1961 1836 1988 est.

151 2008 242 2056 Ergo
269 2024 385 2058 neque
413 2011 623 2046 humanatus
653 2019 726 2053 cst,
748 2025 864 2059 neque
892 2011 1021 2059 lapsam
1048 2019 1211 2046 naturam
1237 2010 1449 2059 adsumpsit,
1470 2026 1585 2060 neque
1606 2025 1699 2047 more
1728 2014 1838 2048 nostri

151 2069 254 2104 huius
275 2071 451 2118 corporis,
475 2071 554 2106 talia
576 2072 647 2120 pati
667 2071 782 2114 soliti,
806 2071 928 2106 iisdem
951 2071 1127 2107 subiacuit
1148 2072 1378 2120 passionibus.
1407 2071 1513 2119 Quod
1536 2073 1564 2108 si
1587 2087 1667 2108 cum
1691 2075 1838 2110 ruditate

155 2144 194 2164 ac
216 2130 433 2178 impudentia
453 2140 566 2166 vestra
586 2146 773 2181 parumper
793 2133 901 2167 iocari
921 2132 1008 2168 licet
1023 2161 1031 2176 ,
1052 2133 1115 2180 qui
1143 2133 1445 2168 circumscribitur
1466 2141 1518 2169 est
1540 2149 1584 2169 ne
1608 2135 1751 2183 inquam
1775 2136 1839 2170 cir-

155 2191 395 2239 cumscriptus
419 2206 484 2227 nec
506 2194 574 2228 neiJ
603 2193 697 2227 Nam
716 2194 780 2228 hoc
803 2193 956 2241 denique
979 2208 998 2228 a
1019 2193 1225 2242 stupiditate
1251 2202 1362 2228 vestra
1385 2203 1418 2229 et
1438 2195 1577 2230 vesania
1597 2195 1670 2231 dici
1690 2195 1838 2242 dignum

156 2260 218 2286 est.
240 2251 408 2287 Attamen
430 2267 476 2287 ne
496 2253 580 2288 huic
601 2254 748 2302 quidem
767 2255 997 2302 propositioni
1017 2256 1156 2289 sortasse
1179 2254 1437 2291 adsentiemini.
1464 2255 1513 2291 At
1532 2270 1616 2291 vero
1637 2257 1723 2292 haec
1745 2258 1838 2305 apud

157 2310 379 2348 Christianos
407 2327 521 2362 neque
542 2329 617 2349 non
639 2315 834 2350 credentur
861 2330 975 2364 neque
1003 2315 1154 2350 ludibrio
1177 2324 1289 2351 erunt.
1319 2315 1507 2365 Siquidem
1534 2318 1638 2352 etiam
1658 2326 1732 2366 post
1755 2319 1839 2353 divi-

155 2386 237 2407 nam
265 2374 580 2417 resurrectionem,
604 2374 730 2409 eodcm
752 2389 833 2410 cuin
856 2390 1019 2424 corpore,
1042 2390 1257 2425 quamquam
1278 2377 1649 2426 incorruptibilitatem
1674 2379 1742 2414 iam
1763 2379 1838 2414 ade-

156 2441 235 2480 pto,
255 2432 369 2469 ianuis
393 2434 517 2469 clausis
539 2434 700 2477 introiit,
723 2444 757 2470 et
786 2436 969 2483 discipulis
990 2436 1202 2484 palpandum
1222 2451 1256 2472 se
1280 2437 1424 2481 obtulit,
1446 2438 1627 2487 divinique
1655 2439 1770 2474 lateris
1796 2439 1840 2474 ci-

157 2494 306 2529 catrices
333 2509 403 2530 nec
430 2510 501 2530 non
530 2496 706 2531 clavorum
734 2496 770 2531 in
798 2497 957 2532 manibus
985 2496 1117 2545 quibus
1137 2498 1252 2532 suerat
1278 2499 1495 2546 perforatus,
1517 2500 1683 2535 ostendit.
1712 2500 1837 2547 Neque

156 2555 347 2590 adtenditis
368 2557 590 2593 dicentibus:
610 2558 673 2606 qui
698 2571 778 2592 cum
800 2557 857 2592 illo
878 2557 1166 2593 manducavimus
1189 2567 1222 2593 et
1242 2559 1392 2594 bibimus
1410 2561 1436 2595 *ἦ
1457 2559 1635 2609 Quodque
1653 2561 1705 2595 his
1725 2560 1839 2594 adhuc
1876 2577 1884 2586 ·
1900 2577 1947 2597 Αςι,
1964 2578 1991 2599 χ,
2011 2581 2039 2599 ῃ,

157 2617 352 2652 mirabilius
382 2626 455 2661 cst,
484 2627 687 2666 corporatus
716 2618 752 2653 in
781 2618 891 2653 caelos
920 2619 1152 2662 conscendit,
1182 2633 1377 2668 corpusque
1406 2634 1524 2655 secum
1553 2635 1670 2668 gerere
1701 2634 1839 2667 conspe-

159 2685 237 2711 ctus
260 2685 322 2713 est.
350 2677 460 2726 quue
483 2678 587 2713 etiam
611 2687 744 2714 constat
766 2693 805 2713 ex
827 2679 1030 2725 angelorum
1053 2680 1297 2715 comitantium
1324 2681 1418 2715 dicto
1446 2681 1627 2729 discipulis
1656 2680 1837 2716 exaudito:

159 2738 460 2783 quemadmodum
486 2739 621 2774 vidistis
651 2752 734 2775 eum
762 2740 1014 2775 ascendentem
1042 2740 1076 2775 in
1106 2740 1261 2785 caelum,
1283 2741 1331 2776 sic
1356 2743 1470 2777 veniet
1489 2744 1516 2779 *ἦ
1542 2742 1675 2790 Nempe
1704 2741 1766 2789 qui
1793 2740 1835 2775 ad
1874 2762 1881 2773 α
1898 2761 1946 2781 Μ,
1963 2761 1978 2781 1,
1998 2764 2027 2781 Η,

239 2875 273 2904 (1]
294 2874 325 2900 In
344 2883 441 2911 graeco
461 2879 534 2904 textu
553 2876 729 2904 scribendum
750 2881 802 2904 est:
825 2879 852 2904 (ι’-ἶ
872 2880 937 2904 κατά,
958 2879 1058 2907 δόκησιν
1077 2879 1246 2915 χρηματίσας
1266 2880 1355 2906 ἑαυτὸν
1377 2881 1443 2906 κατά
1462 2882 1511 2905 ΘῙΟ.

1700 2933 1728 2957 11
