2203 3331
765 229 827 251 PRO
852 226 979 250 SANCTIS
1006 225 1206 248 IMAGINIBts.
1759 213 1824 245 109

151 299 286 330 turam,
309 295 343 321 et
362 284 608 333 primigeniam
630 283 722 318 illam
743 283 943 318 felicitatem
966 279 1117 315 reduxit.
1146 278 1185 312 In
1211 278 1345 313 caelum
1365 279 1508 314 demum
1536 278 1742 326 adsumptus
1757 306 1764 319 ,
1787 278 1822 312 in

151 349 227 397 pari
246 347 338 396 apud
359 355 492 394 patrem
516 346 637 380 throno
658 344 826 392 primitias
847 355 977 378 massae
999 348 1136 376 nostrae
1161 338 1353 374 collocavit.
1378 339 1437 373 Sic
1461 339 1553 373 enim
1574 353 1655 381 nos,
1676 348 1713 373 ut
1737 353 1826 374 com-

151 409 318 458 pendiose
347 407 527 448 dicamus,
550 418 716 452 magnum
740 412 772 438 et
791 402 1031 438 venerandum
1058 400 1193 434 divinae
1222 400 1442 433 oeconomiae
1473 401 1677 434 confitentes
1702 400 1828 434 adseri-

152 483 231 505 mus
255 476 439 516 peractum
466 480 536 500 esse
561 465 776 513 mysterium.

256 542 314 564 20.
342 527 447 573 Quod
467 527 494 560 si
515 526 621 561 ctiam
642 525 743 573 paulo
768 523 938 571 copiosius
958 523 1023 556 hae
1046 534 1151 568 super
1172 534 1208 554 re
1231 520 1474 554 disserendum
1496 529 1566 563 est,
1590 530 1728 568 propter
1751 522 1828 555 sub<

151 590 305 625 orientes
334 587 547 623 adversarios
562 615 570 629 ,
593 586 656 635 qui
677 585 846 620 novitates
868 583 1031 631 quasdam
1052 590 1173 616 contra
1196 581 1379 615 salutarem
1400 580 1468 614 1)οἰ
1490 581 1598 615 Verbi
1623 582 1829 617 incarnatio-

154 663 234 684 nem
264 648 485 694 excogitant,
506 646 556 681 sic
577 646 696 680 denuo
719 656 917 679 sermonem
939 642 1173 677 instituemus.
1202 640 1299 675 Deus
1321 648 1442 688 suapte
1464 649 1588 675 natura
1609 656 1720 689 quum
1741 652 1826 677 esset

156 709 359 756 unigenitus
388 707 458 742 Dei
487 707 591 755 patris
613 706 702 740 silius
726 713 760 739 et
780 704 961 745 Verbum,
984 702 1041 737 ille
1065 711 1143 737 ante
1166 701 1301 736 saecula
1323 715 1364 735 ex
1386 701 1459 748 ipso
1483 701 1707 737 ineffabiliter
1727 711 1761 737 et
1782 703 1831 737 in-

154 769 389 817 temporaliter
416 776 540 811 natus,
561 780 635 801 non
663 765 794 800 abiecta
816 777 920 813 quam
943 763 1150 798 naturaliter
1176 762 1323 796 habebat
1352 761 1555 804 divinitate,
1579 763 1740 797 extremis
1763 777 1831 798 sae·

155 829 227 864 culi
256 828 497 876 temporibus,
520 835 683 861 naturam
710 826 898 860 humanam
925 824 1101 871 suscepit,
1123 831 1157 858 et
1187 836 1331 857 carnem
1357 836 1395 857 ac
1425 823 1630 869 sanguinem
1657 837 1766 871 aeque
1790 838 1828 858 ac

154 904 219 924 nos
247 888 475 937 participavit.
505 887 596 922 Nam
616 886 774 921 Verbum
795 899 874 920 caro
895 886 1029 920 sactum
1052 893 1101 919 051
1115 912 1123 927 ,
1147 892 1180 918 ct
1202 883 1369 918 habitavit
1390 883 1426 916 in
1448 883 1549 917 nobis
1564 911 1571 925 ,
1592 897 1662 917 11011
1691 898 1829 919 earnem

156 949 398 984 tantummodo
415 948 602 982 adsumens
613 976 620 990 ,
635 960 758 982 verum
773 946 880 981 etiam
896 946 1009 980 anima
1025 944 1185 979 rationali
1201 943 1508 992 intellectualique
1526 944 1718 980 animatam.
1734 945 1831 980 Idem

155 1009 281 1044 unicus
303 1009 396 1044 silius
418 1016 493 1056 post
515 1007 795 1042 incarnationem
816 1007 920 1041 etiam
942 1006 1094 1040 existens
1109 1034 1117 1048 ,
1140 1004 1449 1040 consubstantialis
1478 1004 1620 1052 quidem
1641 1004 1718 1039 Deo
1743 1007 1832 1054 patri

153 1070 350 1104 secundum
371 1069 552 1110 deitatem,
571 1068 630 1103 sed
651 1068 753 1102 nobis
775 1081 914 1115 quoque
939 1066 1245 1101 consubstantialis
1268 1065 1467 1101 secundum
1488 1065 1762 1113 humanitatem3
1784 1082 1833 1102 re-

155 1130 271 1166 tinens
296 1143 579 1177 conservansque
598 1129 635 1163 in
655 1137 805 1176 utraque
830 1127 1120 1162 concurrentium
1140 1126 1180 1161 ad
1202 1126 1350 1161 eandem
1373 1140 1552 1174 unamque
1570 1140 1754 1174 personam
1776 1142 1833 1163 na-

156 1200 334 1231 turarum,
357 1198 433 1238 post
461 1190 587 1224 factam
617 1189 720 1223 etiam
748 1188 938 1230 unionem,
962 1187 1245 1222 inconvertibiles
1269 1195 1306 1221 et
1327 1187 1557 1221 immutabiles
1584 1196 1685 1235 atque
1716 1188 1834 1223 incon-

154 1253 243 1285 fusas
258 1280 265 1288 ,
288 1264 378 1299 quae
408 1250 550 1297 utrique
572 1249 753 1283 inhaerent
776 1248 952 1283 naturales
974 1248 1180 1296 qualitatum
1204 1247 1428 1282 differentias.
1458 1247 1499 1281 In
1521 1248 1585 1282 1100
1608 1248 1702 1282 0111111
1723 1263 1834 1284 versa-

155 1320 213 1345 tur
242 1325 327 1345 nova
357 1319 389 1345 et
418 1309 621 1344 admiranda
650 1309 769 1343 mixtio
797 1308 998 1343 exinanitae
1021 1308 1158 1343 deitatis
1180 1316 1211 1342 et
1233 1308 1437 1356 adsumptae
1464 1308 1712 1355 humanitatisg
1739 1310 1832 1345 unde

154 1385 194 1405 ca
222 1385 311 1418 quae
333 1379 472 1418 peracta
493 1378 543 1404 est
566 1370 603 1404 in
627 1383 775 1417 persona
798 1369 911 1404 unitas
933 1383 951 1403 a
979 1369 1079 1403 nobis
1108 1369 1341 1415 cognoscitur.
1370 1368 1512 1403 Paritur
1541 1369 1632 1403 enim
1656 1370 1831 1416 (mirabile

154 1431 294 1477 11101111)
319 1439 399 1479 post
421 1430 636 1478 adsumptam
657 1430 919 1464 humanitatem
938 1428 1046 1464 Deus.
1072 1429 1210 1476 Integer
1233 1429 1325 1463 enim
1348 1428 1446 1463 Deus
1466 1430 1603 1476 integro
1624 1430 1756 1464 homini
1780 1445 1834 1466 co-

154 1492 312 1539 pulatur,
330 1492 367 1526 in
390 1504 495 1525 11113111
515 1491 741 1539 compositam
760 1491 973 1525 conveniens
991 1503 1174 1538 personam
1193 1498 1298 1538 atque
1319 1490 1534 1526 subiectum:
1552 1505 1621 1538 qno
1642 1491 1679 1525 fit
1701 1500 1741 1526 ut
1758 1505 1834 1527 eam

153 1566 242 1599 quae
274 1552 430 1599 peperit,
451 1552 588 1600 proprie
617 1565 768 1599 vereque
796 1565 859 1585 nos
881 1550 1070 1599 Deiparam
1100 1551 1340 1586 confiteamur.
1369 1550 1459 1585 Nam
1482 1551 1544 1599 qui
1567 1551 1643 1586 sine
1670 1561 1777 1587 matre
1800 1562 1834 1588 et

156 1612 230 1646 51110
260 1613 361 1645 1111110
391 1612 529 1657 genitus
558 1620 661 1644 antea
689 1613 824 1651 suerat,
847 1611 1041 1645 secundam
1070 1625 1109 1646 ex
1138 1611 1195 1645 illa
1223 1611 1300 1646 sine
1322 1620 1418 1659 patre
1447 1612 1666 1647 nativitatem
1690 1613 1833 1649 sortitus

156 1680 225 1717 estg
243 1685 317 1705 11011
339 1670 433 1718 quod
456 1670 565 1705 deitas
587 1669 664 1704 eius
685 1669 768 1703 hinc
790 1669 935 1704 initium
957 1669 1131 1704 existendi
1152 1671 1355 1717 sumpserit,
1375 1672 1433 1704 sed
1457 1685 1600 1707 manens
1623 1674 1659 1707 in
1683 1688 1722 1708 eo
1740 1675 1834 1722 quod

156 1740 248 1770 crat,
270 1731 364 1779 quod
393 1745 465 1766 non
489 1738 562 1765 erat
583 1730 786 1772 adsumens,
808 1730 988 1777 proprium
1009 1729 1075 1764 sibi
1099 1730 1201 1772 fecit,
1224 1731 1409 1779 factusque
1440 1740 1488 1766 est
1512 1733 1685 1768 mediator
1705 1733 1774 1769 Dei
1802 1744 1834 1770 ct

154 1792 362 1834 hominum,
387 1800 573 1838 utramque
596 1790 810 1838 participans
833 1790 1004 1826 diversam
1023 1799 1206 1834 naturam,
1229 1792 1397 1827 deitatem
1424 1793 1563 1840 inquam
1586 1802 1619 1829 et
1640 1795 1835 1830 humanita-

159 1861 227 1886 tem
241 1881 248 1894 ,
272 1866 356 1900 quas
378 1851 511 1886 unitate
534 1863 701 1898 personae
727 1850 918 1898 copulavit:
940 1865 1022 1886 nam
1042 1852 1131 1887 duae
1154 1852 1256 1886 simul
1278 1862 1530 1888 concurrentes
1554 1863 1698 1889 naturae
1720 1870 1832 1891 unum

155 1914 356 1947 effecerunt
381 1910 564 1946 Christum
587 1919 620 1946 et
642 1911 753 1946 filium
775 1925 815 1946 ac
836 1911 1039 1948 dominum:
1060 1926 1153 1947 unus
1182 1913 1310 1961 quippe
1336 1928 1376 1948 cx
1401 1914 1537 1950 duobus
1565 1916 1757 1963 procedere
1783 1917 1834 1952 in-

156 1973 323 2019 telligitur
348 1971 531 2014 Christus,
554 1980 657 2019 prout
686 1979 802 2006 mente
834 1972 1038 2020 concipitur
1058 1981 1093 2008 et
1114 1973 1187 2007 visu
1216 1974 1388 2009 cernitur:
1414 1983 1519 2023 atque
1542 1984 1582 2010 ut
1601 1977 1775 2023 perfectus
1800 1987 1833 2013 et

157 2033 385 2068 immutabilis
414 2046 624 2080 permanens
655 2032 689 2066 in
719 2032 871 2075 deitate,
896 2033 942 2067 ita
971 2034 1147 2080 perfectus
1177 2042 1212 2068 et
1239 2034 1514 2070 inconvertibilis
1536 2036 1687 2072 existens
1714 2038 1749 2072 in
1770 2039 1833 2074 hu-

158 2094 345 2129 manitate:
369 2093 588 2141 impassibilis
611 2092 706 2127 idem
729 2093 857 2128 deitate
872 2122 879 2136 ,
902 2102 1022 2141 utpote
1051 2094 1155 2129 etiam
1176 2094 1406 2142 incorporeus
1421 2124 1428 2138 ,
1452 2096 1554 2131 cuius
1577 2097 1607 2131 vi
1628 2107 1832 2145 supernatu-

157 2153 218 2187 rali
244 2153 412 2187 miracula
441 2153 621 2201 patrabat,
648 2153 820 2201 simulque
850 2154 1147 2201 incorruptlbilis,
1174 2154 1522 2203 ineheumsmiptus,
1550 2166 1583 2191 et
1610 2158 1832 2197 immortalis:

157 2213 327 2260 passibilis
347 2221 464 2247 autem
484 2213 703 2247 humanitate
718 2241 726 2255 ,
748 2222 869 2261 utpote
892 2227 1102 2261 corporeus,
1123 2215 1321 2250 secundnm
1349 2229 1453 2263 quam
1476 2217 1681 2253 naturaliter
1703 2221 1833 2255 crucia-

160 2283 216 2308 tus
242 2273 405 2321 pertulit:
434 2273 526 2307 idem
554 2273 730 2315 mortalis,
759 2274 929 2320 figuratus
959 2283 991 2309 et
1020 2276 1327 2324 circumscriptus,
1357 2286 1530 2325 quatenus
1558 2289 1760 2327 apparuerat
1786 2282 1830 2317 de

157 2333 299 2368 Davidis
322 2334 427 2381 stirpe
450 2334 562 2368 homo.
587 2333 752 2381 Proprias
775 2348 853 2369 vero
874 2335 939 2368 sibi
958 2335 1043 2370 sacit
1065 2336 1183 2384 templi
1206 2336 1259 2371 sui
1281 2337 1458 2384 passiones
1480 2338 1653 2383 Verbum,
1676 2355 1832 2377 crucem-

159 2408 228 2442 que
254 2403 288 2429 et
309 2403 474 2436 mortem,
497 2403 531 2428 et
551 2394 616 2428 alia
638 2395 841 2429 huiusmodi
862 2409 952 2443 quae
974 2404 1116 2443 propter
1138 2410 1200 2430 nos
1221 2397 1451 2445 dispensative
1474 2399 1543 2447 pati
1564 2399 1746 2448 dignatum
1768 2413 1830 2439 051,

158 2454 249 2490 Nam
271 2455 443 2501 sanguine
473 2455 546 2489 eius
570 2455 719 2502 pretioso
748 2456 854 2503 empti
876 2469 996 2490 sumus
1010 2484 1018 2498 ,
1042 2456 1105 2505 qui
1125 2466 1270 2504 peccato
1292 2472 1423 2493 eramus
1445 2459 1630 2504 divenditi,
1651 2463 1692 2497 ab
1718 2478 1828 2513 eoque

158 2515 274 2549 media
294 2515 443 2549 maceria
458 2543 465 2557 ,
488 2514 676 2549 inimicitia
697 2515 831 2550 scilicet
845 2544 852 2557 ,
875 2516 909 2549 in
938 2530 1044 2550 carne
1065 2518 1203 2565 propria
1230 2518 1396 2554 dissoluta
1417 2520 1504 2563 suit,
1526 2521 1607 2569 quia
1629 2524 1830 2558 reconcilia-

158 2576 209 2610 vit
231 2576 391 2611 caelestia
414 2576 632 2611 terrestribus
646 2605 653 2618 ,
676 2589 854 2624 unamque
883 2576 1064 2611 ecclesiam
1085 2592 1124 2612 30
1147 2587 1287 2613 coetum
1307 2580 1506 2626 angelorum
1529 2590 1562 2616 et
1583 2583 1763 2618 hominum
1792 2584 1827 2618 in

161 2637 255 2671 caelo
277 2644 437 2684 terraque
460 2637 652 2672 constituit.
675 2636 780 2672 Unus
805 2651 882 2684 ergo
904 2646 954 2672 est
976 2652 1017 2672 ex
1033 2647 1185 2687 utroque
1206 2640 1399 2676 consistens
1418 2641 1634 2691 (Christus.)
1654 2644 1696 2678 Et
1714 2658 1828 2692 quam-

161 2709 266 2743 quam
294 2696 384 2730 nihil
405 2710 544 2744 passum
566 2706 617 2732 est
638 2696 797 2731 Yerbum
824 2698 859 2732 in
889 2698 1025 2746 propria
1052 2708 1198 2741 natura,
1219 2700 1311 2735 idem
1340 2710 1453 2737 tamen
1482 2717 1544 2750 pro
1573 2704 1671 2738 nobis
1694 2718 1827 2751 passum

161 2755 312 2797 dicitur,
334 2769 407 2791 non
435 2757 563 2791 deitate
586 2757 643 2791 sed
668 2766 805 2792 terrena
834 2766 960 2792 natura
987 2760 1048 2804 (1).
1077 2759 1166 2794 Nam
1193 2761 1373 2808 proprium
1402 2762 1466 2809 ipsi
1494 2772 1562 2801 est,
1585 2763 1677 2811 quod
1707 2765 1828 2810 passio-

240 2843 275 2872 (1)
294 2841 376 2875 Atqui
389 2842 411 2868 si
427 2843 554 2876 respicias
569 2843 602 2869 ad
617 2843 722 2870 editum
737 2851 750 2870 a
765 2843 843 2870 1101115
857 2844 1002 2870 Leontium
1017 2844 1076 2872 adv.
1093 2846 1168 2873 Nest.
1183 2847 1280 2882 Script.
1297 2852 1347 2874 vet.
1363 2849 1392 2874 T.
1409 2849 1457 2875 IX.
1474 2857 1499 2883 p.
1515 2851 1574 2874 421.
1589 2847 1722 2876 videbitur
1734 2848 1826 2877 dieen-

158 2884 223 2911 duin
238 2885 326 2919 potius
341 2885 472 2912 Clerislus
482 2895 587 2921 passus
603 2889 628 2913 in
646 2896 748 2921 carne,
763 2895 843 2923 quam
859 2888 980 2916 l'erbum
995 2893 1046 2916 etc.
1063 2890 1140 2917 Certe
1154 2891 1250 2918 Petrus
1265 2892 1285 2918 I.
1300 2896 1324 2918 4.
1343 2896 1363 2918 1.
1382 2892 1447 2919 dicit
1463 2892 1577 2919 Christo
1591 2893 1617 2918 in
1633 2900 1718 2919 carne
1729 2901 1816 2928 passo

1689 2949 1722 2974 22

1866 896 1902 915 m.
1913 888 1942 921 ‘11-
1958 900 1992 917 27».
