2203 3331
187 907 196 915 ⁷
213 909 246 929 gr.
262 900 374 935 aimmei-

187 947 283 972 rgmcv.

245 1391 281 1411 Cr.
296 1397 318 1417 ρ.
335 1394 367 1412 Μ.

416 161 459 193 93
958 170 985 193 s.
1012 170 1182 193 memnoni
1210 168 1465 192 Axrimun-:Tict‘s
1492 169 1542 190 111,

415 228 549 262 cultum
575 224 880 273 adorationemque
903 225 1088 269 dividunt,
1110 226 1241 261 nullam
1269 224 1480 271 imaginibus
1503 224 1545 258 ad
1568 232 1746 272 prototypa
1775 224 1982 261 relationem
2003 242 2086 264 con-

417 288 589 321 cedentes.
619 285 706 332 Ergo
731 284 850 320 Basilii
875 286 1011 321 dietum
1037 287 1209 335 proposito
1235 294 1354 320 nostro
1376 285 1538 333 prodest,
1564 284 1699 320 nedum
1723 285 1830 321 obest.

518 361 574 383 21.
602 347 689 381 Illud
719 361 797 381 1010
820 361 891 382 11011
914 347 1118 394 intelligunt
1146 347 1242 383 stulti
1271 347 1325 389 lii,
1348 346 1401 380 101
1422 346 1500 380 data
1529 360 1634 393 opera
1658 345 1904 387 dissimulant,
1928 349 2086 396 imaginis

412 408 620 442 vocabulum
649 422 720 441 11011
749 422 819 443 esse
841 409 883 443 de
905 409 1106 457 simpliciter
1133 408 1217 457 quid
1239 407 1513 454 significantium
1536 420 1705 452 numero3
1730 407 1789 441 sed
1812 408 2061 457 homonymum
2076 440 2084 453 ‚

415 478 445 503 et
468 469 673 517 multiplicis
695 469 977 516 significationis:
1001 470 1042 504 de
1070 484 1135 517 qua
1165 469 1390 504 distinctione
1421 467 1596 502 subtiliter
1622 467 1704 501 alibi
1733 467 1790 502 hie
1818 477 1916 516 pater
1937 470 2086 506 disserit.

412 529 454 563 lit
480 530 571 564 iuxta
600 530 745 578 quidem
772 530 922 577 priorem
947 531 1228 565 enuntiationem
1250 530 1285 563 in
1310 529 1503 563 naturalem
1534 536 1567 562 et
1596 527 1814 563 artificialem
1841 529 1965 566 dividi:
1989 530 2085 565 iuxta

412 598 529 625 autem
547 590 686 625 alteram
705 591 988 626 enuntiationem
1004 592 1071 626 sive
1089 590 1360 626 subdivisionem
1372 618 1380 631 ,
1400 589 1589 636 imaginem
1606 588 1825 623 artificialem
1843 591 1971 625 formae
1992 606 2062 626 esse
2075 621 2084 634 ‚

414 651 549 699 iuquit,
572 660 605 685 et
633 651 772 685 babitus
787 680 794 693 ‚
818 660 850 686 et
874 652 1025 699 speciei,
1050 660 1152 699 atque
1183 651 1316 686 coloris.
1344 649 1476 685 Dicant
1497 664 1575 696 crgo
1596 649 1717 692 nobis,
1740 664 1828 698 quae
1851 651 1941 685 ratio
1963 660 2082 698 cogat,

410 721 450 746 ut
477 711 624 747 alterum
645 712 788 760 quidem
808 713 1042 759 significatum
1063 712 1290 747 admittamus
1304 741 1312 754 ‚
1334 720 1511 759 quatenus
1534 711 1742 746 naturaliter
1764 711 2028 754 consideratur,
2049 721 2084 748 ct

411 772 711 807 necessitudinem
739 788 776 807 ac
804 773 1005 807 relationem
1040 781 1198 807 accurate
1234 786 1364 806 servare
1398 781 1590 820 putemus:
1620 771 1787 819 reliquam
1814 785 1895 807 vero
1925 781 2056 819 partem
2074 801 2082 815 ,

410 846 498 881 quae
526 833 740 868 artificialem
768 847 910 868 sensum
937 842 1092 881 spectat,
1118 832 1369 881 repudiemus?
1398 833 1493 878 Quid
1506 834 1520 868 ἶ)
1551 833 1679 867 Boline
1710 841 1742 866 ct
1770 832 1853 867 baec
1880 832 2085 868 relationem

410 908 450 928 ac
472 894 793 931 necessitudinem,
815 908 875 941 pro
905 908 963 928 sua
992 893 1147 935 ratione,
1171 893 1384 928 incolumem
1412 895 1430 913 *ὲ
1458 893 1681 928 reum-bunt?
1711 892 1898 942 Siquidem
1922 893 2082 940 imaginis

412 955 514 997 ratio,
537 969 599 989 0011
628 954 787 1001 imaginis
815 954 1038 1002 simpliciter,
1060 963 1209 1002 utroque
1239 968 1340 988 sensu
1371 954 1503 1001 pariter
1531 954 1724 1002 eodemque
1753 954 1860 1001 gradu
1889 968 1907 988 a
1932 954 2081 989 cordatis

410 1015 635 1062 intelligitur.
661 1014 794 1049 etiamsi
817 1014 858 1048 ad
881 1014 991 1049 varios
1016 1022 1129 1062 potest
1151 1027 1276 1048 sensus
1297 1013 1465 1049 adbiberi.
1493 1014 1652 1063 Namque
1676 1023 1714 1049 ut
1735 1014 1769 1048 in
1793 1015 1898 1049 rebus
1918 1015 2084 1049 naturali-

407 1077 474 1111 bus
496 1090 581 1124 pure
603 1075 777 1122 signifieat
798 1075 910 1109 simile
931 1084 965 1110 ct
987 1075 1073 1109 nihil
1095 1075 1280 1120 differensg
1304 1075 1353 1109 sic
1375 1075 1477 1109 etiam
1500 1075 1534 1109 in
1558 1075 1661 1109 rebus
1682 1075 1941 1118 artificialibus,
1961 1090 2084 1110 seem.-

407 1137 491 1171 dum
519 1136 668 1184 speeiem
695 1149 733 1169 ac
762 1137 928 1181 formamg
956 1135 1089 1170 etiamsi
1117 1135 1159 1169 ad
1188 1144 1349 1170 naturam
1376 1135 1470 1183 quod
1500 1135 1655 1178 adtinet,
1680 1135 1910 1170 differentiam
1939 1136 1973 1169 in
2002 1135 2081 1184 ipsis

407 1197 566 1232 denotat:
584 1210 652 1244 quo
675 1197 714 1230 fit
735 1205 771 1231 ut
795 1209 903 1231 unam
925 1196 1144 1244 eandemque
1166 1195 1436 1244 appellationem
1455 1196 1681 1244 participent,
1701 1210 1758 1231 seu
1778 1196 1844 1230 sint
1862 1196 2080 1244 homonyma.

408 1257 478 1292 Sed
503 1257 585 1305 quia
606 1258 670 1292 boe
693 1257 901 1291 vocabulum
923 1257 966 1291 de
988 1256 1098 1291 Verbi
1122 1256 1366 1304 corporatione
1392 1257 1529 1305 proprie
1553 1257 1727 1299 sumitur„
1749 1256 1968 1291 dissimulare
1990 1256 2027 1291 id
2049 1266 2082 1292 et

406 1318 606 1353 subvertere
635 1317 803 1352 nituntur
824 1317 948 1353 insani.
979 1316 1159 1363 Quamdiu
1189 1318 1284 1352 enim
1312 1317 1346 1351 id
1376 1317 1426 1352 eis
1453 1317 1635 1352 manifeste
1663 1332 1733 1352 11011
1758 1317 1977 1360 adversatur,
1998 1325 2083 1352 tam-

406 1392 509 1428 quam
537 1393 599 1427 pro
627 1379 707 1426 ipsis
737 1387 862 1420 staret‚
890 1386 920 1412 et
948 1378 1182 1426 potentialiter
1210 1378 1245 1412 id
1273 1378 1484 1413 vocabulum
1513 1379 1704 1426 posuisset,
1726 1378 1851 1413 sectari
1877 1378 2083 1425 magistrum

406 1439 579 1475 simulant.
604 1439 736 1474 Verum
760 1440 819 1474 ubi
844 1448 1102 1487 repugnantem
1127 1439 1319 1481 senserint,
1345 1453 1480 1487 semper
1504 1448 1676 1475 recusant.

509 1500 579 1534 Sed
609 1509 746 1548 tempus
774 1508 844 1542 est,
868 1509 904 1535 111
933 1500 975 1534 ad
1004 1499 1076 1534 eius
1101 1500 1186 1534 dicti
1216 1499 1535 1534 considerationem
1561 1499 1777 1535 accedamus.
1805 1499 1952 1535 Doctori
1973 1500 2082 1547 igitur

404 1561 446 1596 de
468 1560 537 1595 Dei
558 1569 681 1596 natura
709 1560 893 1603 tractanti,
916 1560 1114 1609 seientique
1138 1561 1250 1595 filium
1276 1560 1541 1596 connaturalem
1571 1575 1642 1596 esse
1670 1561 1761 1609 patri
1789 1570 1894 1610 atque
1925 1561 2079 1595 eiusdem

404 1623 638 1665 substantiae,
669 1631 701 1657 et
729 1622 975 1670 hypostaseos,
1004 1622 1037 1656 id
1068 1631 1117 1657 est
1146 1636 1315 1670 personae
1345 1622 1555 1671 proprietate
1585 1622 1829 1657 tantummodo
1857 1622 2080 1657 differentem

403 1683 610 1725 definienti,
632 1683 713 1731 quia
742 1683 841 1717 multi
871 1691 954 1717 tunc
983 1697 1123 1731 quoque
1145 1683 1213 1718 Dei
1241 1684 1356 1718 hostes
1384 1682 1553 1718 haeretici
1578 1683 1742 1718 adversus
1762 1682 1948 1730 Unigeniti
1975 1683 2081 1717 maie-

403 1751 525 1777 statem
555 1743 666 1777 exorti
697 1752 814 1785 erant,
840 1743 904 1791 ipsi
932 1744 1076 1792 inquam
1103 1758 1189 1792 opus
1218 1744 1284 1778 fuit
1312 1753 1560 1791 argumentum
1589 1758 1695 1779 suum
1720 1744 1875 1791 exemplo
1903 1758 2078 1791 exponere

401 1817 441 1838 ae
463 1803 706 1839 demonstrare.
736 1803 898 1839 Solemus
927 1805 1020 1839 enim
1040 1819 1080 1840 ex
1102 1806 1226 1840 nostris
1247 1805 1351 1840 rebus
1373 1805 1570 1853 superiores
1599 1819 1651 1839 res
1673 1804 1895 1850 coniectat-03
1922 1804 1955 1839 id
1984 1805 2075 1852 quod

401 1864 493 1912 apud
522 1864 723 1913 inspiratam
751 1879 895 1914 quoque
922 1866 1129 1913 scripturam
1157 1866 1270 1901 videre
1299 1875 1370 1909 est,
1395 1880 1511 1914 neque
1534 1866 1648 1900 secius
1676 1865 1769 1913 apud
1799 1865 1962 1900 ecelesiae
1992 1866 2076 1900 item

400 1926 568 1962 doctores,
592 1926 680 1961 Nam
703 1940 815 1974 quum
836 1927 994 1969 dixisset,
1016 1928 1191 1975 quomodo
1214 1927 1241 1962 si
1263 1941 1355 1962 unus
1379 1936 1411 1962 et
1434 1942 1525 1962 unus
1549 1936 1650 1969 sunt,
1671 1935 1766 1974 pater
1786 1926 1903 1969 Deus,
1927 1935 1960 1961 et
1981 1927 2077 1962 {ilius

399 1985 518 2029 Deus,
540 1988 718 2036 quomodo
741 1988 884 2036 inquam
911 2002 983 2023 non
1005 1998 1085 2023 sunt
1113 1989 1181 2023 duo
1204 1988 1278 2024 dii')
1301 1989 1402 2036 quasi
1429 1988 1470 2022 ad
1498 1988 1626 2035 dialogi
1654 2002 1784 2022 morem
1808 1988 1909 2022 verba
1937 1990 2076 2022 consor-

399 2061 516 2093 mansj,
539 2049 643 2096 quia,
667 2049 798 2096 inquit,
822 2063 882 2083 rex
910 2049 1043 2084 dicitur
1064 2049 1167 2083 etiam
1187 2049 1277 2096 regis
1306 2049 1439 2096 imagog
1466 2063 1581 2096 neque
1612 2057 1727 2083 tamen
1752 2062 1851 2095 reges
1872 2048 1941 2082 duo
1969 2058 2075 2094 suntg

398 2121 479 2142 nam
507 2123 625 2156 neque
654 2109 812 2156 potentia
842 2109 1036 2151 scinditur,
1058 2123 1171 2157 neque
1198 2109 1352 2144 maiestas
1381 2109 1418 2143 in
1446 2118 1559 2156 partes
1584 2108 1774 2144 diducitur.
1803 2107 1946 2143 Deinde
1975 2109 2074 2157 quasi

399 2168 524 2217 aliquis
545 2169 752 2216 ambigeret,
771 2170 946 2217 quomodo
966 2171 1049 2205 haec
1067 2170 1111 2204 ita
1129 2184 1163 2204 se
1182 2170 1308 2204 babere
1329 2178 1518 2207 constaret.
1540 2178 1717 2218 tamquam
1740 2170 1946 2204 confirmans
1964 2184 2075 2204 exem-

398 2228 444 2276 pli
468 2229 558 2264 illius
579 2239 844 2276 argumentum,
863 2231 1108 2266 communibus
1130 2231 1351 2273 notionibus,
1371 2245 1460 2279 quae
1483 2231 1572 2278 apud
1592 2244 1712 2265 omnes
1734 2231 1770 2265 111
1795 2231 1950 2265 confesso
1972 2239 2073 2273 sunt,

399 2298 520 2327 utens,
539 2290 603 2325 ait:
622 2291 704 2338 quia
726 2291 884 2338 imaginis
907 2292 1019 2326 honor
1041 2291 1082 2326 ad
1105 2301 1331 2340 prototypum
1352 2292 1479 2327 transit.
1501 2291 1659 2339 Namque
1683 2291 1717 2325 id
1738 2291 1779 2325 de
1800 2291 1949 2338 imagine
1969 2305 2072 2325 nemo

398 2363 467 2384 non
499 2351 704 2396 confitetur;
729 2351 932 2400 cunctisque
961 2352 1096 2387 ratione
1124 2352 1293 2400 praeditis
1322 2366 1393 2386 non
1417 2366 1458 2387 ex
1481 2351 1642 2386 doctrina
1667 2351 1928 2394 tantummodo,
1953 2365 2073 2386 verum

399 2410 503 2444 etiam
525 2424 542 2444 a
564 2419 708 2453 natura,
731 2412 833 2446 liuius
856 2413 904 2447 rei
925 2413 1021 2447 notio
1046 2413 1210 2461 impressa
1237 2421 1299 2448 est.
1330 2412 1389 2447 Sic
1412 2413 1572 2447 absoluto
1599 2412 1744 2460 exempli
1772 2420 2000 2458 argumento,
2023 2427 2072 2447 re-

396 2479 491 2506 vocat
520 2471 647 2506 deinde
677 2486 874 2507 sermonem
902 2474 994 2508 unde
1023 2475 1258 2511 discesserat,
1288 2475 1431 2522 aitque:
1458 2474 1551 2522 quod
1582 2474 1696 2521 itaque
1725 2473 1800 2508 heic
1830 2473 2073 2508 adsimilanter

397 2531 508 2579 imago
535 2532 636 2579 (heic
659 2547 739 2567 1010
761 2534 849 2569 uhi?
870 2535 937 2569 nisi
958 2535 1119 2570 videlieet
1140 2535 1174 2569 in
1199 2535 1350 2582 imagine
1375 2549 1464 2583 quae
1485 2535 1714 2570 artificialiter
1735 2534 1967 2569 imitationem
1990 2549 2071 2582 prae

396 2607 430 2627 se
460 2593 577 2640 sertP)
610 2593 644 2626 id
672 2593 741 2627 illic
770 2595 975 2629 naturaliter
1003 2595 1109 2631 efficit
1135 2596 1233 2631 filius.
1261 2595 1405 2631 Deinde
1434 2596 1540 2643 probe
1564 2595 1674 2630 sciens
1701 2603 1841 2630 sanctus
1868 2604 1967 2643 pater
1994 2595 2072 2630 arti—

397 2653 561 2688 ficialium
588 2653 779 2699 imaginum
807 2655 848 2688 ab
877 2656 1071 2704 archetypis
1098 2656 1354 2698 differentiam,
1383 2656 1556 2704 simulque
1585 2669 1665 2690 cum
1693 2656 1735 2690 iis
1764 2656 2068 2698 convenientiam,

395 2729 510 2749 rursus
532 2715 597 2750 lioe
619 2716 773 2763 exemplo
794 2716 835 2750 ad
859 2718 1033 2764 plusicam
1056 2719 1238 2765 imaginem
1260 2719 1453 2765 analogiam
1471 2719 1638 2761 habente,
1657 2727 1759 2753 utens
1777 2718 1892 2754 addit:
1909 2727 1941 2753 et
1961 2719 2067 2753 sicuti

396 2775 430 2809 in
459 2776 694 2812 artificialibus
722 2776 917 2812 similitudo
948 2779 983 2812 in
1014 2781 1123 2814 forma
1151 2781 1210 2822 111,
1237 2780 1286 2814 sic
1315 2780 1350 2814 in
1379 2779 1494 2813 divina
1524 2779 1826 2828 incompositaque
1854 2788 1999 2823 natura,
2028 2779 2066 2814 111

398 2837 638 2873 communione
664 2837 858 2873 divinitatis
880 2839 918 2873 fit
941 2839 1067 2876 unitas.
1094 2840 1461 2876 Animadvertemlum
1484 2849 1619 2884 autem,
1642 2840 1736 2889 quod
1760 2854 1834 2876 non
1862 2841 1897 2876 in
1926 2841 1992 2876 liae
2015 2840 2066 2876 101
