2203 3331
893 166 1088 191 PRAEFATIO.
1805 168 1841 190 111

217 239 273 273 IV.
302 238 488 282 Postquam
509 235 633 269 harum
656 235 857 268 orationum
882 233 962 266 satis
986 241 1171 277 operosam
1188 255 1195 268 .
1226 242 1304 264 cum
1331 231 1616 277 interpretatione
1641 243 1716 266 mea
1741 231 1842 266 scho-

145 298 285 343 liisque,
301 294 490 330 editionem
504 303 708 327 curaveram
719 318 727 330 ,
745 297 898 325 mentem
914 290 1074 336 protinus
1089 287 1164 322 aliis
1177 288 1350 322 Theodori
1369 290 1505 336 scriptis
1524 289 1772 335 conquirendis
1787 290 1842 323 in-

147 355 254 390 tendi.
272 355 364 398 Ergo
384 353 418 385 in
437 352 557 397 primis
573 363 649 384 sum
668 355 787 384 nactus
806 349 966 394 Epitimia
985 348 1054 383 CX.
1074 357 1162 391 quae
1183 347 1391 380 monasticae
1412 345 1504 392 apud
1523 349 1670 381 Graecos
1687 348 1843 382 severita-

148 414 191 446 tis
209 411 395 455 imaginem
412 410 549 442 sistunt.
570 408 701 442 Deinde
719 408 911 453 pretiosum
931 404 1112 443 Scholion,
1133 402 1229 448 quod
1251 403 1383 437 Studita
1405 404 1548 438 editioni
1568 416 1649 438 suae
1667 405 1845 439 minorum

147 470 179 503 S.
208 468 322 502 Basilii
348 468 602 505 Ascehcorum,
630 470 900 512 praeposuerat,
924 469 961 496 ut
981 462 1024 495 de
1042 461 1185 495 illorum
1213 467 1353 494 auctore
1380 461 1622 496 dubitantibus
1641 463 1844 508 scrupulum

145 526 322 561 evelleret.
352 526 472 559 Postea
499 536 534 558 se
561 524 645 558 mihi
671 522 800 557 obtulit
827 521 980 555 Studitae
1007 519 1123 553 brevis
1151 518 1349 564 explanatio
1379 520 1501 553 missae
1529 520 1846 554 Praesaucuflcato-

146 596 242 622 rum3
270 595 358 629 quac
387 583 472 616 mihi
498 583 601 616 ctiam
627 592 744 615 ansam
771 578 948 626 praebuit,
979 583 1204 624 pei-venustas
1223 576 1391 622 quasdam
1410 578 1532 611 missae
1555 578 1766 611 Graecorum
1795 579 1845 624 pi-

145 649 260 676 cturas
288 640 526 678 describendi,
556 651 618 674 nec
638 650 710 672 non
737 638 896 671 notitiam
911 647 1021 682 prope
1047 634 1238 668 inauditam
1263 634 1429 680 vulgandi
1451 634 1610 680 liturgiae
1637 637 1669 668 S.
1692 636 1845 681 Epipha-

147 701 194 734 nii
222 699 431 745 Cypriorum
458 697 622 743 episcopi.
649 696 836 729 Enimvero
860 695 1017 740 apprime
1039 692 1204 738 optabam
1224 691 1450 738 epistolarum
1477 692 1650 725 Theodori
1673 693 1846 726 editarum

146 768 331 791 numerum
359 767 509 800 augere;
539 754 599 788 sed
625 765 663 788 ea
688 765 766 799 spes
794 763 904 798 prope
933 763 988 786 me
1012 750 1160 790 fefellit,
1190 756 1227 783 ut
1255 749 1326 783 dixi
1349 761 1384 795 p.
1416 750 1475 782 99:
1505 750 1620 797 itaque
1651 748 1748 783 brevi
1777 750 1845 783 ad-

146 815 291 849 modum
316 815 530 857 incremento
556 817 739 845 contentus
759 810 820 844 fui.
842 809 1000 843 Profecto
1017 820 1088 842 non
1107 819 1178 842 uno
1196 809 1231 841 in
1250 807 1368 841 codice
1383 813 1453 840 vat.
1471 807 1669 840 continetur
1689 808 1846 841 cateche-

146 884 230 907 seon
259 871 412 905 Studitae
436 869 596 904 collectio
620 869 756 907 minor,
786 867 1007 902 sermonibus
1036 872 1197 900 constans
1227 866 1304 903 137»,
1332 876 1421 910 quos
1447 864 1552 898 latine
1577 870 1711 898 tantum
1737 865 1846 898 edidit

147 930 337 964 Livineius:
360 928 456 962 deest
474 939 557 961 vero
577 928 688 961 maior
708 937 908 960 sermonum
928 927 1013 963 217,
1035 924 1079 958 de
1098 935 1167 969 qua
1185 921 1362 957 Fabricius
1380 922 1555 968 loquitur,
1584 928 1620 956 ut
1639 922 1709 955 dixi
1731 934 1765 967 p.
1783 924 1841 955 77.

146 989 313 1021 Neutram
340 991 456 1019 tamen
483 984 549 1018 hoc
581 983 759 1018 volumine
793 985 872 1017 satis
899 983 967 1016 iam
997 981 1102 1028 pleno
1129 980 1312 1026 complecti
1344 980 1559 1026 potuissem:
1591 991 1698 1025 quare
1725 991 1846 1025 graeca

147 1050 199 1078 tot
225 1043 450 1077 catecheseon
478 1041 586 1075 editio
612 1042 665 1075 vel
692 1053 747 1075 me
773 1041 827 1074 vel
857 1041 962 1074 alium
989 1039 1108 1073 futuro
1137 1045 1294 1084 tempore
1324 1043 1518 1072 curatorem
1549 1043 1718 1083 expectat.
1754 1037 1846 1072 lllud

146 1109 263 1136 tamen
288 1101 373 1134 mihi
398 1101 610 1146 insperatum
636 1105 843 1144 gratumque
872 1097 993 1132 accidit
1012 1124 1020 1135 ‚
1046 1097 1143 1143 qnod
1167 1096 1360 1130 inauditam
1388 1106 1532 1141 prorsus
1562 1095 1753 1141 philologis
1769 1122 1777 1134 ,
1807 1102 1845 1129 ut

148 1171 229 1193 reor
246 1185 254 1196 .
282 1158 434 1191 Studitac
462 1158 565 1191 aliam
589 1157 793 1191 catecliesim
818 1157 930 1202 reperi
948 1182 956 1193 ,
989 1155 1188 1200 inscriptam
1220 1152 1426 1187 chronicam
1454 1165 1514 1187 seu
1544 1153 1703 1187 annalem
1722 1178 1730 1190 ,
1764 1154 1844 1199 quia

148 1227 271 1261 nempe
299 1216 334 1248 in
363 1215 427 1248 hac
453 1213 662 1248 describitur
689 1214 794 1247 totius
819 1214 899 1247 anni
926 1213 1136 1246 ieiuniorum
1163 1211 1308 1256 regula:
1339 1222 1447 1256 quare
1479 1211 1567 1244 hanc
1599 1211 1715 1244 statim
1743 1217 1842 1244 cate—

150 1273 281 1306 chesim
305 1272 430 1318 cupide
456 1277 630 1318 arreptam
654 1272 689 1305 in
719 1271 885 1305 volumen
909 1281 1027 1304 meum
1054 1270 1224 1304 sevocavi.
1253 1268 1414 1302 Posthinc
1441 1268 1589 1302 alterum
1614 1268 1682 1313 legi
1709 1268 1744 1300 in
1764 1279 1845 1313 per-

148 1336 284 1364 vetusto
301 1330 419 1363 codice
440 1335 707 1363 monumentum
725 1329 890 1362 asceticae
911 1327 1129 1373 disciplinae,
1149 1337 1216 1372 qua
1236 1325 1347 1359 Studii
1369 1326 1638 1364 monasterium,
1662 1325 1715 1358 cui
1733 1325 1844 1359 Theo-

148 1388 256 1422 dorus
285 1387 458 1432 praefuit,
488 1386 686 1432 regebatur.
706 1387 777 1420 Etsi
804 1397 887 1420 vero
913 1385 949 1419 id
976 1386 1145 1431 scriptum
1172 1384 1260 1418 alius
1287 1389 1408 1417 auctor
1429 1384 1602 1422 exaravit,
1629 1389 1701 1416 tota
1728 1388 1843 1416 tamen

146 1447 305 1481 doctrina
330 1453 364 1480 et
390 1446 561 1491 legislatio
585 1446 759 1480 Theodori
783 1452 859 1484 est,
889 1451 992 1490 atque
1017 1443 1061 1478 ab
1088 1455 1131 1477 eo
1157 1454 1269 1489 prope
1299 1442 1343 1476 ad
1366 1441 1514 1475 verbum
1541 1441 1666 1475 dictata
1695 1447 1728 1474 et
1759 1452 1844 1475 con-

147 1506 263 1538 stituta
277 1531 285 1544 ‚
308 1504 392 1537 dum
412 1503 484 1537 illic
504 1503 688 1549 hegumeni
708 1514 852 1537 munere
869 1502 1083 1548 fungeretur.
1098 1501 1158 1534 Est
1176 1500 1261 1533 haec
1279 1500 1384 1545 igitur
1404 1498 1580 1533 ordinatio
1599 1504 1716 1532 exacta
1735 1498 1842 1531 divini

147 1561 254 1596 officii
274 1588 282 1601 ,
311 1568 345 1595 et
371 1561 579 1595 ieiuniorum
603 1561 638 1594 in
666 1560 963 1606 quadragesimis,
998 1565 1100 1604 atque
1128 1557 1414 1591 abstinentiarum
1443 1558 1547 1590 totius
1574 1557 1655 1590 anni
1686 1562 1843 1590 accurata

146 1620 353 1666 descriptio:
371 1619 464 1653 unde
481 1619 606 1653 veteris
625 1629 767 1663 graecae
793 1617 956 1652 ecclesiae
979 1617 1140 1661 religiosa
1167 1617 1275 1662 pietas
1293 1621 1327 1649 et
1351 1616 1439 1649 mira
1459 1615 1623 1648 severitas
1649 1613 1751 1648 nobis
1770 1614 1845 1647 elu—

146 1684 211 1712 cet.
234 1678 322 1711 Huic
348 1683 481 1717 autem,
511 1676 779 1722 comparationis
806 1676 933 1721 gratia,
961 1681 1164 1720 excerptum
1189 1673 1308 1707 addidi
1334 1685 1375 1707 ex
1403 1671 1710 1707 constitutionibus
1736 1672 1845 1707 fami—-

146 1737 255 1781 get-ati
281 1737 316 1769 in
343 1735 522 1769 occidente
547 1734 747 1768 monasterii
768 1733 1026 1772 Salmufiensis,
1055 1732 1099 1766 de
1125 1731 1297 1778 gallicano
1323 1730 1442 1765 codice
1469 1737 1659 1777 sumptum.
1689 1731 1761 1764 lam
1784 1742 1845 1764 ve-

145 1793 304 1840 stigando
323 1793 437 1827 adhuc
462 1792 646 1838 indulgens
662 1818 670 1828 .
699 1791 861 1836 libellum
885 1791 1058 1825 Theodori
1084 1791 1193 1824 nostri
1222 1790 1376 1836 comperi
1395 1789 1438 1823 de
1457 1789 1673 1823 confessione
1694 1794 1728 1822 et
1747 1789 1842 1821 satis-

145 1852 314 1890 factione,
343 1863 447 1897 quem
474 1854 577 1885 nemo
596 1851 701 1885 credo
720 1856 995 1889 memoraverat,
1022 1848 1180 1895 capitulis
1207 1848 1267 1882 28.
1299 1854 1477 1886 constans,
1506 1848 1566 1892 qui
1592 1846 1646 1880 vel
1670 1857 1843 1880 canonum

145 1909 441 1956 paenitentialium
466 1907 756 1946 collectionibus,
789 1908 844 1942 vel
876 1908 1000 1941 Morini
1027 1907 1101 1941 cius
1127 1906 1216 1940 tituli
1243 1906 1341 1952 operi
1368 1906 1566 1938 mantissam
1596 1903 1726 1937 bonam
1757 1903 1843 1936 adii-

145 1969 224 2001 ciet.
253 1968 323 2001 Etsi
349 1973 465 2000 autem
491 1966 600 2000 latum
630 1967 877 2012 Epitimiorum
908 1965 1091 1999 elenchum
1124 1964 1255 1998 Studita
1288 1964 1356 1997 iam
1387 1964 1595 2008 scripserat,
1629 1967 1780 1995 attamen
1810 1967 1845 1994 et

146 2027 317 2059 minorem
346 2025 493 2058 alterum
519 2024 803 2069 quotidianarum
828 2023 939 2057 ferme
965 2034 1158 2069 poenarum
1183 2022 1313 2055 dictare
1333 2033 1404 2055 non
1430 2021 1618 2058 recusavit,
1638 2030 1744 2065 quem
1761 2020 1843 2052 item

147 2094 227 2116 cum
247 2082 361 2123 fructu
388 2082 555 2127 legemus.
584 2083 735 2116 Accessit
759 2082 844 2115 mihi
863 2093 905 2115 ex
924 2082 1089 2115 vaticanis
1108 2079 1288 2114 codicibus
1305 2079 1400 2113 aliud
1420 2090 1561 2124 quoque
1580 2077 1734 2111 Studitae
1754 2088 1843 2111 non-

149 2139 326 2173 nullarum
352 2141 593 2184 quaestionum
619 2139 726 2174 breve
752 2141 932 2186 scriptum.
961 2140 1116 2185 Denique
1139 2150 1248 2184 quum
1275 2149 1310 2183 p.
1339 2139 1399 2170 77.
1429 2136 1589 2170 dixissem
1608 2162 1615 2171 .
1644 2135 1842 2169 desiderare

148 2208 204 2229 mc
231 2208 393 2242 graecum
419 2203 550 2230 textum
577 2199 746 2231 sermonis
771 2209 843 2243 quo
859 2197 1063 2231 Theodorus
1082 2198 1116 2230 S.
1138 2196 1444 2230 Bartholomaeum
1465 2206 1521 2240 ap.
1543 2193 1763 2229 laudaverat,
1792 2192 1842 2225 il—

148 2254 221 2287 lum
241 2253 383 2287 demum
401 2254 576 2299 insperato
595 2256 758 2299 conspexi
776 2255 811 2292 in
830 2255 993 2288 extremis
1008 2253 1240 2288 bibliothecae
1259 2254 1433 2286 vaticanae
1451 2251 1593 2297 pluteis,
1610 2262 1721 2295 eoque
1741 2261 1843 2295 prae-

146 2312 250 2344 conio
276 2311 443 2345 volumen
468 2311 635 2344 conclusi.
665 2312 882 2357 Quamquam
901 2323 985 2346 vero
1005 2313 1039 2345 in
1060 2310 1245 2357 pontificiis
1264 2309 1442 2344 codicibus
1461 2309 1613 2355 troparia
1636 2309 1739 2342 etiam
1765 2308 1842 2340 Stu-

148 2368 240 2403 ditae
266 2369 448 2414 leguntur,
476 2380 628 2413 quorum
655 2370 798 2404 minima
824 2375 959 2403 tantum
985 2381 1064 2416 pars
1089 2370 1124 2403 in
1151 2368 1281 2402 triodio
1306 2367 1400 2401 edito
1427 2373 1587 2413 apparet:
1615 2356 1843 2399 nihilominus

146 2427 222 2472 pios
248 2426 312 2460 hos
339 2426 492 2460 Studitae
519 2426 668 2471 hymnos
684 2453 692 2466 ‚
722 2439 824 2472 prosa
850 2428 1008 2461 oratione
1032 2427 1180 2472 scriptos
1197 2452 1205 2465 ,
1236 2425 1297 2459 sed
1322 2425 1489 2459 melliflua
1516 2425 1641 2470 pietate
1666 2423 1813 2456 refertos
1831 2449 1838 2459 ,

146 2485 282 2518 nonnisi
309 2484 377 2518 alio
406 2485 585 2519 volumine
613 2496 652 2518 ac
677 2491 854 2531 tempore,
882 2485 952 2519 vita
978 2485 1103 2519 comite
1121 2510 1129 2523 ‚
1158 2484 1301 2529 vulgare
1327 2482 1456 2517 licebit.

217 2543 258 2576 V.
285 2542 459 2576 Theodori
482 2543 635 2577 Studitae
661 2544 729 2577 vita
757 2543 892 2588 prolixe
918 2549 1144 2587 accurateque
1163 2553 1181 2576 a
1199 2541 1365 2576 Michaele
1383 2540 1557 2575 monacho
1584 2540 1695 2575 edita,
1718 2539 1753 2571 in
1776 2540 1841 2571 sir-

147 2599 335 2634 mondiano
361 2600 540 2634 volumine
565 2607 669 2634 extat.
692 2602 731 2634 Et
750 2600 891 2646 quidem
911 2612 991 2646 pars
1010 2601 1082 2633 cius
1100 2599 1264 2633 notabilis
1283 2599 1346 2632 fuit
1360 2624 1368 2637 ,
1395 2597 1572 2643 tragoedia
1592 2597 1651 2630 illa
1675 2597 1841 2630 Constan-

148 2656 211 2690 tini
237 2658 349 2691 lrenes
376 2658 458 2696 filii,
487 2659 546 2704 qui
573 2659 643 2692 suis
669 2659 872 2692 adulterinis
898 2658 1026 2704 nuptiis
1052 2657 1230 2691 ecclesiam
1257 2655 1495 2690 conturbavit:
1525 2656 1579 2689 cui
1600 2654 1730 2699 flagitio
1754 2651 1841 2685 obsi-

147 2719 240 2747 stens
264 2716 419 2761 apprime
445 2716 648 2750 Theodorus
664 2742 671 2753 ,
700 2722 752 2750 tot
777 2716 867 2750 mala
894 2727 1076 2761 perpessus
1095 2721 1163 2752 est,
1191 2713 1292 2748 exilia
1318 2713 1470 2750 scilicet,
1498 2711 1643 2746 xcrbera
1659 2736 1667 2748 ‚
1689 2710 1814 2742 famem
1829 2734 1836 2743 .

147 2777 181 2805 et
206 2771 403 2807 huiusmodi
430 2785 614 2808 aerumnas
639 2774 733 2808 alias.
762 2776 828 2808 Res
854 2773 938 2807 hacc
965 2775 1000 2807 in
1019 2772 1197 2807 codicibus
1222 2772 1324 2806 etiam
1343 2777 1413 2805 iat.
1436 2782 1507 2804 non
1527 2768 1630 2803 semel
1651 2772 1836 2803 narratur;

147 2840 280 2874 nosque
300 2830 362 2876 ipsi
381 2831 452 2865 sive
471 2832 507 2865 in
529 2832 653 2878 Script.
675 2838 745 2866 vet.
767 2833 804 2865 T.
827 2831 885 2864 111.
909 2842 988 2865 cum
1007 2829 1172 2864 Methodii
1192 2828 1353 2864 monachi
1379 2829 1527 2873 scripto,
1552 2827 1622 2860 six-e
1643 2825 1676 2857 in
1697 2823 1839 2868 Spicilc-
