2203 3331
639 226 808 249 ADVERSi‘S
835 223 1080 248 coxsraxrixt'n
1107 224 1343 247 coi‘noxnlt‘n.
1796 215 1842 247 ⁶23

146 285 297 334 gaudet,
322 282 469 319 canibus
491 281 653 331 aprisque
677 282 895 323 delectatur,
919 279 1050 329 quibus
1071 278 1261 326 plurimam
1283 279 1372 315 vitae
1396 295 1475 315 suae
1498 288 1628 328 partem
1650 280 1840 328 impendit;

151 347 244 383 unde
268 346 295 380 is
323 344 489 379 videlicet
510 343 782 378 meditationem
804 342 1008 388 dogmatum
1028 339 1174 382 didicit,
1197 340 1398 389 multaeque
1424 342 1589 377 scientiae
1612 342 1653 376 ab
1677 342 1842 377 huiusce.-

150 407 246 443 modi
272 405 449 441 exercitiis
471 418 646 440 summam
667 402 815 450 collegit.
837 402 1023 437 Mittamus
1044 414 1143 435 nunc
1164 400 1334 448 reliquam
1354 402 1457 436 vitam
1481 402 1597 437 dicere
1611 431 1618 445 ,
1641 417 1746 451 quain
1767 417 1843 437 nar-

151 483 226 504 rare
248 477 348 515 turpe
379 475 451 509 est,
473 465 596 501 audire
619 473 736 500 autem
759 470 937 498 narratam
963 462 1100 509 turpius
1122 475 1162 496 ac
1184 461 1426 509 perniciosius.
1455 462 1546 497 Nam
1568 465 1644 511 quis
1674 478 1841 512 umquam

151 529 236 564 vidit
262 528 442 563 hominem
467 535 687 568 venatorem,
716 536 880 572 aprorum
910 535 1163 570 cervorumque
1191 521 1351 569 vestigia,
1377 536 1442 557 ceu
1473 537 1573 557 canes
1601 525 1763 572 seraeque
1793 539 1843 560 so-

151 590 246 632 lent,
268 588 562 637 persequentem,
588 586 717 621 dilecto
745 583 991 631 agitandorum
1019 596 1190 631 equorum
1218 582 1335 617 studio
1363 582 1526 617 deditum
1554 592 1590 617 et
1617 584 1841 628 devinctum,

152 651 257 699 idque
283 649 476 685 suavissimi
496 646 672 695 unguenti
693 646 769 680 loco
794 644 1002 686 habentem,
1025 643 1230 678 sublimibus
1258 643 1391 691 pariter
1418 643 1595 690 religionis
1620 645 1843 692 dogmatibus

153 721 231 747 tuto
259 725 299 746 ac
326 709 511 746 salubriter
540 722 575 743 se
605 705 891 741 immiscentem?
918 704 1074 739 Facilius
1102 703 1276 752 quispiam
1303 703 1448 746 credet,
1473 704 1516 738 ab
1546 719 1586 739 eo
1615 706 1677 754 qui
1705 721 1843 742 remum

154 781 248 807 tenet
272 771 428 818 figlinam
454 777 514 804 aut
542 767 792 815 agriculturam
813 779 874 814 pro
898 779 934 800 re
959 765 1103 800 nautica
1130 764 1274 808 doceri,
1293 764 1349 800 vel
1373 764 1561 800 loricatum
1582 766 1760 801 bominem
1784 782 1844 803 na-

154 833 336 881 vigationis
364 832 440 866 loco
468 829 612 865 militiae
634 827 773 874 addici3
800 840 906 876 quam
927 827 1110 862 hominem
1131 835 1278 861 stercore
1299 826 1533 875 nefandisque
1562 827 1843 875 turpitudinibus

155 894 394 935 sordidatum,
416 890 579 926 manibus
609 887 887 936 sanguinolentis
901 916 910 931 ,
932 887 1050 935 lingua
1077 887 1359 935 intemperante,
1380 887 1606 936 marcidaque
1633 897 1773 931 mente,
1797 889 1845 924 di-

154 954 232 989 vina
253 953 413 1000 dogmata
432 951 608 998 adtingere
624 978 632 993 ,
653 949 795 998 Deique
815 948 982 997 mysteria
1003 948 1143 997 eloqui,
1165 962 1254 997 quae
1280 948 1424 984 mundis
1451 948 1552 984 corde
1567 977 1576 991 ,
1597 948 1745 999 Deoque
1770 964 1845 998 pro-

154 1015 323 1063 pinquare
347 1013 481 1060 dignis,
505 1026 525 1047 a
548 1025 701 1060 superna
724 1010 924 1046 revelantur
949 1010 1056 1057 gratia
1082 1011 1146 1058 (Ι).

263 1087 317 1122 ¹9·
347 1072 419 1108 Sed
447 1073 555 1115 haec,
584 1080 691 1121 prout
720 1086 759 1106 ea
786 1085 821 1106 se
854 1071 1008 1114 habent,
1036 1070 1142 1105 inissa
1174 1071 1348 1106 faciamus.
1380 1070 1455 1106 Nos
1487 1080 1606 1107 autem
1638 1072 1845 1107 intermedia

152 1134 329 1183 quaedam
355 1142 499 1182 propter
526 1132 770 1168 iniucundatis
798 1131 1080 1180 garrulitatisque
1102 1131 1293 1167 molestiam
1314 1140 1599 1180 praetereuntes,
1622 1133 1663 1168 ad
1688 1147 1727 1168 ea
1755 1147 1847 1181 quae

154 1196 231 1231 istis
261 1195 423 1242 gravioris
452 1193 626 1229 momenti
651 1193 840 1236 videntur,
869 1192 1065 1228 orationem
1093 1193 1350 1228 transferamus.
1383 1200 1430 1238 ἄ)
1464 1192 1702 1240 Quaerimus,
1732 1194 1798 1237 ait,
1827 1209 1846 1229 a

161 1265 208 1304 ἀί)
239 1256 334 1291 vobis
362 1255 535 1304 quomodo
564 1254 642 1289 fieri
670 1253 803 1302 possit,
826 1261 866 1289 ut
891 1253 1057 1288 dominus
1080 1262 1201 1288 noster
1221 1253 1321 1289 Iesus
1346 1253 1529 1298 Christus,
1552 1255 1614 1303 qui
1636 1270 1677 1290 ex
1697 1255 1848 1290 duarum

160 1322 208 1360 01-'2
238 1326 450 1351 naturarum
476 1315 715 1350 immaterialis
737 1324 771 1350 et
793 1314 978 1349 materialis
1007 1314 1191 1349 inconfusa
1219 1315 1378 1358 unione,
1404 1329 1476 1350 una
1502 1330 1650 1364 persona
1681 1325 1750 1359 est,
1772 1317 1849 1364 pin-

162 1385 210 1424 (ἦ)
241 1385 339 1425 gatur
361 1385 422 1412 aut
443 1376 642 1424 figuretur?
673 1380 721 1420 <729
754 1374 829 1422 Qui
851 1375 1015 1424 quicquid
1042 1375 1074 1410 ei
1097 1375 1235 1410 libitum
1262 1376 1348 1419 fuit,
1371 1375 1451 1411 Deo
1479 1377 1703 1425 permittente
1718 1406 1725 1420 ,
1748 1386 1848 1413 antea

158 1439 323 1487 patravit,
347 1451 445 1472 nunc
474 1436 720 1484 interrogativa
748 1437 857 1471 forma
885 1436 1082 1471 sacerdotes
1110 1436 1324 1486 alloquitur,
1350 1451 1436 1485 quos
1465 1437 1614 1473 vinculis
1644 1447 1676 1473 et
1705 1438 1851 1473 carceri-

160 1501 226 1534 bus
241 1527 248 1541 ,
270 1497 399 1540 minis,
421 1497 565 1546 aliisque
589 1496 809 1532 cruciatibus
832 1496 990 1546 plurimis
1013 1505 1115 1532 antea
1134 1498 1339 1545 perterritos
1364 1497 1403 1532 in
1425 1512 1523 1533 suam
1543 1498 1752 1533 sententiam
1776 1513 1851 1547 per-

159 1559 305 1608 pulerat.
334 1558 486 1604 Quaerit
513 1558 632 1606 itaque
662 1572 706 1593 an
737 1557 922 1600 Christus,
944 1557 1080 1593 duabus
1107 1558 1244 1593 naturis
1271 1558 1491 1593 immateriali
1517 1567 1551 1594 et
1576 1559 1743 1594 materiali
1770 1573 1852 1594 con-

159 1629 252 1654 stans
267 1648 275 1662 ,
296 1619 395 1667 pingi
418 1619 550 1667 possit?
570 1618 684 1667 Atqui
703 1618 789 1654 hinc
809 1627 954 1667 apparet
974 1632 1176 1654 sermonum
1199 1619 1274 1654 eius
1292 1619 1461 1654 vitiositas
1483 1629 1519 1655 et
1541 1620 1849 1662 inconvenientia,

163 1689 195 1714 et
223 1680 400 1729 quomodo
428 1679 498 1714 suis
528 1679 608 1727 ipsis
636 1679 937 1728 propositionibus
966 1679 1138 1715 contraria
1166 1680 1362 1716 concludat.
1392 1679 1587 1729 Oportebat
1616 1681 1733 1724 enim,
1762 1682 1790 1715 si
1818 1681 1850 1716 ei

163 1754 342 1776 sacrorum
368 1740 569 1787 dogmatum
597 1748 798 1775 nostrorum
824 1740 946 1775 veritas
976 1740 1076 1775 cordi
1105 1749 1197 1783 erat,
1217 1741 1311 1788 regia
1338 1741 1391 1776 via
1419 1741 1582 1776 directim
1608 1742 1796 1784 incedere,
1818 1751 1851 1776 et

161 1810 367 1836 accuratum
393 1800 549 1848 mysterii
576 1800 687 1835 nostri
716 1815 862 1836 examen
891 1800 1088 1837 instituere.
1117 1801 1212 1847 Quia
1240 1802 1348 1849 igitur
1372 1802 1415 1837 de
1441 1802 1658 1838 immateriali
1682 1817 1722 1838 ac
1746 1811 1852 1838 mate-

162 1862 240 1897 riali
263 1870 390 1896 natura
415 1861 534 1896 dicere
561 1875 658 1896 orsus
684 1870 756 1904 est,
781 1862 886 1897 rebus
914 1862 1065 1898 invicem
1094 1862 1238 1898 omnino
1267 1863 1475 1906 contrariis,
1500 1878 1586 1911 opus
1611 1872 1681 1898 erat
1706 1863 1850 1912 utrique

162 1923 252 1971 parti
278 1921 477 1970 oppositae,
501 1936 539 1957 ea
567 1936 656 1971 quae
684 1931 832 1957 naturas
860 1923 1022 1958 comitari
1053 1932 1271 1967 cernuntur,
1294 1933 1392 1959 recte
1421 1925 1630 1974 proprieque
1659 1924 1849 1972 adsignare.

161 1983 255 2018 “Nam
277 1984 306 2018 si
330 1983 565 2018 immaterialis
588 1983 641 2018 rei
665 1983 849 2031 proprium
869 1992 919 2019 est
941 1983 1112 2018 delineari
1135 1998 1206 2019 non
1231 1998 1349 2033 posse,
1369 1994 1473 2033 prout
1495 1993 1528 2020 et
1548 1985 1624 2034 ipse
1650 1985 1685 2020 in
1706 1999 1851 2034 sequen-

165 2044 256 2079 tibus
285 2044 397 2086 dicet,
421 2058 487 2078 ceu
514 2058 602 2092 quae
625 2045 733 2078 forma
761 2045 968 2094 figuraque,
991 2053 1024 2079 et
1048 2044 1145 2079 omni
1172 2045 1329 2094 quolibet
1355 2045 1558 2080 huiusmodi
1585 2046 1770 2081 accidente
1800 2060 1851 2081 ca-

164 2113 235 2151 ret3
255 2118 395 2152 prorsus
416 2118 562 2139 necesse
586 2113 641 2139 est
667 2105 838 2140 materiali
858 2105 910 2140 rei
931 2105 1056 2148 simul,
1078 2113 1196 2154 utpote
1217 2120 1306 2154 quae
1328 2106 1546 2141 immateriali
1575 2107 1718 2141 omnino
1747 2120 1852 2156 oppo-

165 2166 282 2209 nitur,
302 2166 475 2201 contraria
496 2165 672 2201 adtributa
691 2165 876 2213 adsignare
889 2166 948 2209 ,id
971 2175 1021 2201 est
1041 2180 1117 2201 eam
1138 2167 1303 2202 delineari
1324 2181 1443 2216 posse,
1462 2168 1622 2210 formari,
1641 2168 1800 2215 figurari,
1817 2177 1851 2203 et

163 2227 218 2262 liis
239 2227 363 2261 similia
377 2255 385 2269 ,
407 2235 447 2261 ut
467 2226 694 2275 oppositionis
716 2227 858 2276 sequela
878 2227 968 2262 bene
992 2236 1297 2276 congruenterque
1317 2228 1494 2265 habeatur.
1523 2228 1640 2278 Atque
1664 2229 1709 2264 ita
1730 2243 1853 2276 cogno-

246 2325 282 2354 (1)
304 2323 344 2348 De
364 2321 491 2356 turpibus
510 2322 677 2357 copronymi
699 2321 821 2349 moribus
840 2330 919 2357 saepe
937 2323 1108 2357 Nicephorus
1126 2323 1154 2350 in
1174 2323 1216 2351 liis
1234 2325 1360 2359 scriptis,
1380 2329 1408 2351 et
1426 2325 1585 2360 praesertim
1608 2325 1660 2352 suh
1679 2325 1762 2352 finem
1781 2326 1854 2353 tertii

167 2367 348 2394 antirrhetiei.
371 2367 441 2393 Tum
461 2366 543 2392 etiam
563 2366 700 2393 Macarius
718 2366 970 2402 Chrysocephalus‚
990 2366 1024 2394 de
1042 2375 1097 2402 quo
1117 2375 1178 2395 mox
1196 2368 1336 2400 dicemus,
1357 2368 1393 2396 ita
1413 2369 1509 2396 scribit
1526 2373 1622 2396 eontra
1640 2369 1782 2405 impurum
1802 2370 1854 2396 Co-

164 2418 332 2446 pronymum
352 2410 399 2445 qui
419 2413 529 2437 sanctos
547 2409 679 2445 appellari
698 2414 834 2443 vetuerat,
854 2414 886 2436 ut
905 2418 956 2437 nos
975 2411 1029 2437 iam
1049 2411 1168 2438 diximus
1186 2420 1249 2439 cum
1269 2412 1392 2439 Cedrenu
1410 2421 1437 2448 p.
1455 2415 1496 2440 19.
1517 2421 1546 2440 n.
1564 2416 1594 2446 1,
1614 2420 1665 2441 nee
1682 2421 1740 2441 non
1758 2418 1853 2441 contra

164 2454 305 2490 synodum
329 2454 553 2481 iconoclasticam
577 2453 610 2481 ab
630 2462 661 2481 eo
684 2458 889 2489 congregatam.
911 2458 948 2482 Σύ
968 2458 1011 2486 τῆς
1030 2457 1170 2492 ἁγιότητος
1190 2458 1396 2492 ἀπογυμνώσας,
1417 2460 1506 2487 κλήσει
1528 2459 1596 2495 ψιλῇ
1614 2454 1854 2494 προσαγορεύεσθαι

163 2501 299 2535 πανταχοῦ
317 2499 535 2534 verende-'rmum
552 2500 594 2526 καί
613 2500 643 2530 ὦς
659 2500 717 2530 τούς
735 2500 935 2532 §tiramni-reu
952 2503 995 2527 τῶν
1013 2503 1034 2527 ἐν
1056 2503 1100 2537 βίῳ
1117 2502 1238 2537 ὀνόμασιν
1259 2504 1362 2534 οἰκείοις
1376 2503 1609 2540 παραδηλοῦσθαι,
1624 2506 1668 2533 τήν
1686 2507 1853 2538 sermenem-2

161 2547 236 2581 χαζξιν
257 2545 355 2571 ἀθετῶν
378 2547 420 2576 τῆς
441 2546 597 2580 ἀγιοτητος5
615 2546 651 2575 5¹¹3
671 2547 744 2571 τοῦτο
765 2545 899 2577 ἀσεβῆσαι
927 2548 1088 2583 τετόλμηκας
1109 2549 1121 2574 ὁ
1142 2550 1257 2583 odem-m
1279 2550 1323 2575 καὶ
1343 2549 1458 2585 ἁλαζώνῐ
1475 2549 1492 2576 ὦ
1512 2551 1656 2586 παράνομον
1678 2550 1818 2584 συνέδριον,
1835 2548 1852 2574 ὦ

162 2592 298 2626 συναγωγή
319 2592 416 2624 πονηροί
429 2602 453 2617 7..
470 2602 492 2616 τ.
511 2595 535 2616 λ.
551 2593 596 2617 τίνι
617 2592 684 2626 λόγῳ
705 2591 815 2628 ὃκρρών,
833 2590 850 2617 ὦ
865 2594 980 2627 μάταιε,
997 2598 1041 2624 τῆς
1062 2594 1217 2628 α’·γιαστικῆς
1235 2596 1314 2630 φωνῆς
1334 2596 1393 2625 τούς
1408 2596 1582 2631 η’γιασμένους
1602 2596 1755 2630 ἀποστερεῖς
1774 2593 1834 2619 θεοῦ
1846 2612 1852 2623 s

164 2640 207 2663 καί
224 2640 309 2663 ταῦτα
330 2638 434 2667 τούτους
454 2637 544 2672 ἁγίους
566 2637 749 2673 ὀνομάζον-[ομ
765 2649 787 2663 κ.
804 2649 828 2664 τ.
845 2641 868 2664 λ.
894 2640 934 2664 Ἱίι
948 2640 1103 2665 sanctitate
1120 2638 1170 2665 lios
1183 2639 1346 2674 denudans,
1361 2640 1487 2675 simplici
1505 2640 1735 2667 denominatione
1752 2639 1853 2672 abique

165 2684 310 2709 terraram
329 2682 476 2717 appellari
495 2683 630 2715 edizisti,
647 2691 682 2709 ar
702 2683 789 2709 relati
807 2682 974 2710 mortalium
990 2682 1141 2710 vilissimos
1155 2685 1285 2719 propriis
1300 2686 1411 2712 tantum
1425 2684 1583 2712 nominibus
1602 2685 1748 2716 denotari,
1763 2683 1852 2709 (lona-

165 2727 224 2752 tam
244 2725 300 2752 illis
318 2728 483 2753 sanctitatis
501 2728 631 2761 qratiam
651 2726 766 2753 delens?
789 2729 858 2753 Tam
879 2728 965 2762 impie
984 2734 1070 2762 ayere
1088 2735 1174 2754 ausus
1193 2736 1234 2761 es,
1250 2736 1266 2754 ο
1281 2729 1409 2755 carnalis
1428 2731 1513 2764 atque
1531 2727 1668 2763 superbe?
1687 2729 1711 2754 0
1726 2728 1851 2760 iniquam.

163 2770 346 2803 synedrium!
365 2779 380 2796 ο
400 2773 583 2806 conqreqatio
598 2771 716 2806 prava!
735 2775 787 2798 etc.
810 2774 873 2806 Qua
890 2771 1022 2806 fiducia,
1041 2779 1057 2797 ο
1076 2771 1179 2805 stulte,
1198 2774 1363 2799 sanctitatis
1384 2772 1516 2800 vocabalo
1535 2772 1641 2807 spolias
1660 2769 1853 2804 sanctificatos

164 2821 183 2838 a
204 2816 274 2846 Deo,
286 2817 458 2848 praesertz’m
479 2824 540 2842 rum
562 2816 598 2842 ab
617 2816 671 2842 leoc
690 2817 750 2850 ipso
768 2817 864 2842 sancti
882 2815 1081 2850 appellentur?
1100 2820 1151 2843 etc.
1172 2816 1243 2844 Sane
1261 2817 1362 2844 nostris
1381 2824 1490 2853 quoque
1510 2815 1677 2851 temporibus
1696 2813 1852 2841 heterodoxi

165 2857 269 2891 aliquot
287 2857 467 2885 subverentur
481 2858 570 2886 dicere
586 2868 609 2886 v.
625 2868 665 2895 gr.
679 2862 809 2887 sctrictam
826 2862 1027 2894 Franciscam,
1040 2862 1169 2889 sanctum
1190 2862 1384 2896 Domtntczcm,
1398 2861 1559 2896 maluntque
1577 2856 1771 2896 tantummodo
1789 2865 1852 2893 pree

165 2901 296 2928 num-iare
315 2904 497 2930 Franz-iscam
519 2907 570 2930 etc.

1727 2959 1744 2994 4,

1888 1879 1925 1898 (ir.
1941 1885 1962 1905 [ι.
1981 1883 2010 1899 ΜΔ
