2203 3331
533 250 699 273 ADVEnSt'S
725 247 969 272 CONSTalext'n
994 247 1228 270 COPRONYMFM.
1678 237 1720 270 71

45 321 253 350 cursurum,
276 305 415 342 cunctis
437 314 486 341 est
508 306 739 354 exploratum:
765 312 870 352 atque
892 302 930 337 in
953 302 1070 351 primis
1091 302 1251 336 adversus
1273 311 1477 338 sanctorum
1500 301 1726 350 praeeipuam

42 379 79 405 et
106 377 344 404 creaturarum
372 367 528 402 omnium
562 365 850 401 sublimissimam
880 362 1060 398 dominam
1092 370 1249 397 nostram
1281 363 1534 398 sanctissimam
1562 362 1630 398 Dei
1659 377 1727 398 ma-

45 439 134 465 trem
160 430 233 477 (1),
257 436 295 463 ut
321 435 353 462 et
379 427 486 476 ipsam
511 440 594 462 cum
617 426 688 461 filio
715 439 777 460 suo
802 423 1025 459 contumeliis
1053 423 1211 470 exagitet.

151 489 340 536 Quaenam
367 503 446 525 vero
467 487 544 524 Deo
569 487 706 523 odibilis
726 486 917 534 atheaeque
946 485 1038 520 illius
1065 484 1200 519 animae
1224 483 1368 518 consilia
1391 484 1482 527 sint,
1505 499 1629 533 operae
1655 499 1729 534 pre-

47 551 136 586 tium
159 558 210 586 est
230 564 464 597 cognoscere:
484 563 571 584 num
598 548 730 583 scilicet
757 547 835 582 heic
863 560 1004 595 quoque
1033 541 1292 593 indescriptum
1319 553 1354 580 et
1381 545 1730 594 incircumscriptum

45 624 208 658 oggerere
229 611 328 656 velit3
349 611 404 645 vel
425 618 628 645 sanctorum
649 606 916 656 duplicitatem,
939 620 980 641 ex
1001 605 1129 641 deitate
1151 605 1322 641 nimirum
1345 614 1379 640 et
1398 606 1643 643 humanitate?
1662 605 1730 641 Vel

44 672 187 706 sortasse
215 680 331 707 mente
355 670 522 713 revolvat,
543 669 637 718 quod
662 669 735 703 eius
756 667 941 702 familiares
962 681 1002 702 ae
1024 667 1134 702 duces
1157 667 1189 702 ei
1209 667 1354 710 afflant,
1376 681 1504 715 nempe
1528 677 1729 704 sanctorum

44 747 186 782 quoque
214 732 392 782 duplicem
413 745 484 766 esse
506 730 763 772 substantiam,
785 743 825 764 ex
853 728 970 763 anima
993 736 1028 763 et
1051 742 1215 777 corpore3
1237 742 1308 778 quo
1335 728 1375 763 fit
1389 756 1397 771 ,
1418 737 1458 763 ut
1481 727 1509 763 si
1530 729 1564 763 hi
1586 729 1730 777 pingan-

44 802 124 837 tur,
149 794 264 829 anima
290 806 432 842 quoque
461 804 542 826 cum
570 791 610 825 iis
638 790 834 825 necessario
862 789 1039 837 pingenda
1065 789 1109 824 sit
1137 798 1171 824 et
1200 789 1400 836 figuranda,
1424 788 1479 823 vel
1508 797 1600 824 certe
1628 789 1683 824 illa
1712 804 1730 824 a

45 867 191 903 corpore
220 854 264 888 sit
290 854 451 888 abfutura
478 865 567 900 quae
596 850 725 886 iamdiu
751 865 792 886 ex
815 850 940 885 eodem
960 850 1118 886 excessit.
1145 849 1263 899 Atque
1291 850 1339 884 ita
1368 849 1499 899 quibus
1524 850 1664 898 ineptiis
1686 851 1731 885 fa-

44 915 206 963 bulisque
227 914 320 949 circa
343 912 474 948 Christi
494 912 705 960 hypostasim
726 912 858 947 abusus
887 920 958 954 est,
980 906 1118 947 easdem
1142 911 1233 946 circa
1253 919 1392 946 sanctos
1413 925 1550 959 quoque
1576 924 1662 945 vane
1686 912 1730 946 ef-

43 975 154 1011 futiet.
184 974 255 1010 Sed
285 983 456 1023 quantum
485 988 526 1008 ex
553 973 594 1008 iis
621 987 709 1021 quac
738 973 826 1008 dixit
854 973 989 1020 egitque
1015 972 1262 1020 portenditur,
1284 971 1484 1007 molitiones
1508 972 1583 1007 eius
1606 986 1730 1019 cogno-

43 1049 143 1071 scere
168 1050 241 1070 non
263 1044 313 1070 est
334 1035 495 1070 arduum.
524 1034 615 1070 Nam
636 1035 719 1083 quia
739 1035 826 1069 nihil
849 1043 899 1069 est
920 1048 1066 1082 111-11111111
1086 1049 1125 1069 ac
1149 1033 1316 1082 impium,
1340 1033 1433 1083 quod
1454 1033 1619 1068 adversus
1645 1033 1729 1067 divi-

41 1109 124 1131 nam
145 1096 363 1131 maiestatem
391 1105 599 1144 sanctosque
621 1109 692 1130 11011
717 1095 760 1130 sit
780 1095 1018 1142 machinatus3
1039 1095 1127 1130 nihil
1154 1095 1344 1130 scelestum
1366 1103 1401 1130 et
1422 1095 1608 1142 indignum
1636 1095 1728 1143 quod

40 1156 109 1192 hoc
138 1157 174 1191 in
202 1158 344 1204 negotio
373 1171 447 1191 non
475 1155 741 1205 perpetraverit3
767 1169 948 1204 quumque
976 1155 1063 1189 nihil
1090 1155 1164 1189 sine
1192 1155 1364 1203 vituperio
1393 1169 1431 1190 ac
1459 1155 1730 1204 reprehensione

41 1217 78 1252 iu
99 1217 236 1253 sincera
257 1226 376 1253 nostra
398 1217 467 1252 fide
489 1216 691 1265 reliquerit3
715 1216 845 1251 idcirco
866 1216 1019 1264 primum
1039 1215 1185 1264 quidem
1204 1216 1367 1251 abdicare
1388 1216 1495 1252 audet
1515 1216 1729 1252 vocabulum

42 1292 198 1322 omnam,
220 1287 327 1328 atque
356 1279 503 1313 omuino
533 1292 573 1313 ex
602 1277 888 1313 Christianorum
916 1277 1045 1324 linguis
1068 1286 1241 1313 excutere.
1268 1277 1360 1312 Nam
1381 1277 1478 1313 valde
1502 1278 1662 1312 irascitur
1688 1291 1728 1313 ac

44 1340 282 1375 stomachatur
303 1339 345 1374 ad
365 1339 471 1374 huius
499 1338 648 1374 nominis
669 1337 950 1380 invocationem,
973 1338 1069 1386 quod
1090 1346 1203 1373 tamen
1235 1337 1440 1372 Christianis
1466 1347 1515 1373 est
1538 1338 1705 1373 familiare
1719 1367 1726 1381 ,

44 1407 79 1434 et
105 1399 148 1435 de
170 1414 239 1448 quo
261 1399 408 1435 Iudaeos
438 1399 666 1446 indignantes
686 1396 856 1433 videmus.
884 1397 1021 1433 Deinde
1043 1398 1135 1433 delet
1157 1407 1189 1433 ct
1211 1399 1323 1433 abolet
1344 1412 1587 1447 quaecumque
1608 1399 1645 1433 in
1668 1413 1728 1434 no-

42 1460 139 1496 mine
168 1461 242 1496 eius
269 1460 523 1509 implorantur,
545 1474 702 1509 quaeque
725 1459 761 1494 in
781 1459 913 1494 litaniis
941 1459 983 1494 ad
1012 1459 1088 1494 eius
1116 1459 1249 1502 filium,
1270 1460 1505 1508 precibusque
1529 1468 1561 1494 et
1583 1460 1728 1495 canticis

42 1521 185 1557 adsidue
216 1522 365 1557 clamant
391 1535 454 1570 pro
487 1520 666 1556 conununi
699 1520 810 1555 salute
839 1520 865 1555 ii
892 1521 954 1569 qui
987 1529 1096 1556 orant.
1127 1519 1429 1569 Quandoquidem
1461 1521 1666 1569 profitemur
1695 1529 1728 1556 et

41 1583 285 1631 praedicamus
306 1582 549 1617 mediatricem
569 1595 643 1616 eam
666 1595 737 1617 esse
757 1581 977 1629 validamque
1003 1581 1097 1630 apud
1118 1581 1232 1617 filium
1252 1590 1456 1630 patronam,
1479 1582 1521 1617 ob
1543 1596 1641 1617 suam
1663 1595 1730 1616 ma-
1765 1595 1802 1615 cr.
1815 1601 1838 1621 μ,
1855 1596 1888 1615 «1,.

42 1643 140 1678 terni
160 1643 278 1679 meriti
300 1643 466 1678 fiduciam
489 1644 552 1691 (2).
573 1641 737 1691 Denique
759 1656 879 1691 preces
903 1642 945 1677 ad
969 1656 1045 1677 eam
1066 1657 1202 1690 prorsus
1225 1643 1299 1677 fieri
1318 1651 1433 1686 vetat,
1454 1657 1540 1692 quas
1561 1643 1655 1692 siqui
1676 1643 1729 1677 ni-

43 1705 232 1740 hilominus
252 1705 406 1747 faciunt,
428 1718 499 1738 non
521 1703 704 1738 mediocris
725 1717 835 1752 poena
857 1712 960 1752 atque
988 1703 1074 1739 ultio
1101 1704 1328 1752 impendebit.
1358 1703 1430 1739 Sed
1451 1705 1538 1753 quid
1568 1719 1655 1753 opus
1676 1713 1728 1740 est

43 1766 180 1814 singula
206 1766 390 1815 persequi,
413 1778 525 1814 quum
551 1779 595 1800 ne
623 1779 752 1800 nomen
780 1765 926 1813 quidem
953 1764 1045 1800 illius
1067 1765 1255 1800 memorari
1283 1779 1433 1814 usquam
1460 1766 1570 1802 velit?
1598 1766 1671 1801 lam
1696 1774 1729 1800 et

42 1826 84 1861 de
109 1827 233 1862 ceteris
255 1826 384 1861 sanctis
407 1840 470 1861 cur
492 1826 530 1860 in
553 1826 728 1874 praesenti
749 1825 970 1874 loquendum
991 1825 1061 1861 sit?
1082 1825 1165 1861 Non
1188 1826 1282 1860 enim
1303 1840 1361 1861 eos
1384 1826 1556 1873 sacrilegis
1580 1835 1729 1861 tantum-

41 1888 146 1923 modo
174 1888 287 1922 verbis
316 1902 481 1936 spernere
512 1896 547 1922 et
576 1887 717 1923 irridere
746 1887 942 1936 turpissime
965 1895 1155 1922 contentus
1176 1887 1265 1931 fuit,
1287 1887 1345 1922 sed
1375 1888 1462 1936 ipsas
1492 1902 1603 1923 sacras
1626 1902 1730 1922 venc—

40 1948 237 1998 randasque
266 1948 407 1984 illorum
430 1948 594 1997 reliquias
620 1949 655 1983 in
680 1949 797 1996 ignem
823 1949 997 1984 coniectas
1020 1949 1247 1997 consumpsit.

147 2010 178 2046 5.
206 2009 402 2058 Postquam
428 2023 508 2044 vero
536 2009 642 2044 semel
667 2009 809 2045 Christo
831 2018 863 2044 et
887 2009 1094 2045 Christianis
1116 2010 1280 2045 omnibus
1308 2011 1416 2045 hostis
1440 2011 1571 2054 extitit,
1595 2011 1729 2045 11111113-

42 2085 191 2119 rumque
213 2071 332 2118 legum
355 2079 577 2119 contemptor
591 2100 598 2112 .,
621 2080 654 2106 et
674 2085 854 2106 sacrorum
874 2085 1048 2106 canonum
1070 2071 1289 2106 adversarius
1303 2101 1311 2114 ,
1333 2081 1509 2121 quotquot
1531 2072 1571 2107 ab
1592 2081 1728 2122 aposto-

41 2132 83 2166 lis
111 2132 311 2180 sanctisque
341 2132 498 2180 patribus
520 2132 604 2167 editi
625 2133 791 2176 suerunt,
812 2132 954 2167 decreto
983 2132 1072 2167 cavit
1093 2147 1136 2168 ne
1159 2147 1212 2167 res
1233 2133 1435 2168 huiusmodi
1456 2134 1493 2168 in
1513 2133 1654 2169 basibus
1677 2134 1728 2169 111-

42 2192 204 2227 vinarum
232 2206 430 2227 mensarum
456 2193 649 2228 venerandi
671 2193 783 2228 altaris
806 2208 867 2242 pro
891 2193 1175 2233 Christianorum
1194 2195 1265 2230 ritu
1289 2204 1558 2243 apponerentur.
1586 2195 1632 2230 Et
1654 2196 1728 2244 qui-

44 2253 125 2290 dem
155 2253 309 2289 colentes
337 2268 377 2288 ac
404 2253 608 2297 visitantes,
631 2263 736 2303 prout
756 2254 825 2290 Dei
846 2264 879 2290 et
900 2264 1090 2304 martyrum
1117 2265 1288 2291 amatores
1309 2256 1479 2300 decebat,
1503 2257 1616 2305 capite
1640 2257 1727 2305 peri-

45 2315 280 2351 clitabantur:
305 2315 351 2349 ita
372 2323 412 2350 ut
433 2329 494 2362 per
515 2314 602 2350 illud
629 2323 765 2364 tempus
793 2316 978 2352 aedificata
1008 2317 1155 2364 templa,
1177 2318 1306 2365 absque
1337 2318 1443 2353 sacris
1472 2318 1631 2367 reliquiis
1656 2318 1726 2353 sint

42 2375 220 2412 dedicata:
242 2390 393 2424 quorum
413 2376 487 2411 loco
509 2376 685 2425 ponebant
706 2378 945 2425 perfectorum
963 2392 981 2412 a
999 2392 1032 2413 se
1053 2378 1296 2426 mysteriorum
1314 2379 1496 2427 reliquia53
1518 2379 1623 2427 digna
1644 2394 1725 2414 vere

43 2437 116 2472 suis
144 2438 363 2485 dogmatibus
387 2437 682 2486 caerimoniisque
707 2438 894 2485 facientes3
918 2453 1034 2488 neque
1059 2439 1153 2474 enim
1175 2454 1235 2488 per
1256 2440 1477 2488 apostolicam
1502 2441 1725 2476 traditionem

42 2498 76 2532 id
96 2498 179 2533 licet
200 2499 262 2546 (3).
282 2498 374 2533 Nam
393 2498 569 2547 quomodo
589 2507 791 2534 sanctorum
808 2499 973 2548 reliquias
992 2500 1175 2535 honoraret
1190 2500 1397 2545 Blamonas,
1414 2502 1473 2550 qui
1493 2510 1527 2537 et
1546 2502 1724 2537 dedicatas

42 2559 196 2607 ipsorum
224 2560 429 2594 nominibus
456 2573 568 2594 sacras
596 2559 698 2594 aedes
714 2589 721 2602 ,
743 2574 805 2608 pro
833 2574 895 2596 sua
920 2561 1137 2608 impudentia
1159 2569 1193 2596 et
1213 2562 1377 2606 audacia,
1398 2562 1504 2611 impie
1526 2563 1662 2598 subruit
1690 2571 1725 2597 et

44 2619 189 2655 evertit?
210 2634 294 2668 quas
317 2628 432 2654 tamen
454 2620 521 2655 fide
544 2629 577 2655 et
595 2620 762 2667 religione
785 2621 932 2669 permoti
952 2621 1150 2670 superiores
1174 2620 1369 2658 Christiani
1390 2631 1582 2659 erexerant.
1606 2622 1723 2670 Atque

45 2694 99 2715 eas
125 2681 316 2729 praecipue
338 2681 468 2724 diruit,
490 2681 553 2716 ubi
575 2696 691 2717 sacrae
712 2682 1005 2731 venerandaeque
1032 2692 1234 2719 sanctorum
1254 2698 1306 2719 res
1328 2684 1521 2732 descriptae
1551 2692 1646 2719 erant
1661 2712 1668 2725 ‚
1691 2691 1723 2716 et

124 2760 158 2789 (1)
177 2759 217 2785 De
235 2758 374 2787 vocabulis
390 2759 507 2790 ἓεοτόκος
523 2762 551 2786 et
565 2759 693 2796 θημήτηρ
709 2759 784 2790 vide,
799 2760 821 2787 si
841 2764 931 2794 vacat,
947 2768 1016 2796 quae
1035 2761 1064 2788 in
1083 2761 1137 2789 alio
1151 2761 1289 2789 volumine
1308 2770 1358 2790 nos
1375 2762 1567 2790 adnotavimus
1582 2760 1616 2788 ad
1633 2760 1721 2787 sancti

43 2802 139 2838 cyrilli
158 2807 303 2831 tractatum
323 2804 356 2832 de
376 2806 491 2839 Deipara
511 2813 538 2840 p.
561 2809 620 2832 100.

124 2849 159 2878 (ἓν
179 2848 278 2875 Recole
296 2856 310 2875 a
329 2849 408 2876 nobis
427 2849 498 2876 dicta
519 2850 546 2876 in
566 2849 660 2877 adnot.
680 2853 705 2877 3.
727 2849 761 2877 ad
780 2850 988 2877 anun-beticum
1009 2851 1030 2876 I.
1051 2853 1077 2878 9.
1098 2859 1124 2886 p.
1146 2851 1195 2878 lat.
1219 2854 1260 2878 19.

124 2894 159 2922 (3)
180 2892 211 2918 In
230 2892 318 2919 Pbotii
338 2897 508 2928 syntagmate
527 2894 638 2929 (Spicil.
659 2902 728 2921 rom.
749 2895 780 2921 T.
802 2895 862 2921 VII.
883 2903 909 2930 p.
932 2898 990 2921 105.
1011 2899 1038 2921 et
1059 2898 1137 2928 106.)
1157 2895 1241 2923 habes
1260 2903 1392 2923 canonem
1413 2894 1649 2928 carthaginensem
1670 2896 1718 2924 83.

44 2941 69 2963 et
88 2936 201 2963 nicenae
221 2937 255 2963 11.
275 2938 370 2973 synodi
391 2946 523 2965 canonem
543 2942 567 2965 7.
589 2938 621 2966 de
641 2947 697 2967 uon
715 2938 876 2967 dedicandis
894 2940 978 2967 sacris
997 2939 1110 2968 aedibus
1129 2941 1188 2968 siue
1207 2944 1365 2969 sanctorum
1386 2944 1536 2975 martyrum
1556 2937 1692 2972 reliquiis-
