2203 3331
172 1603 209 1622 or.
227 1606 249 1627 p.
268 1602 313 1623 111.

362 193 430 226 111
911 200 940 224 s.
966 201 1142 226 mcernom
1167 202 1425 227 ,urinam-:ricus
1452 203 1503 227 111.

358 255 564 291 victricibus
586 254 689 289 armis
711 254 934 302 praecinctus
956 257 1065 304 magis
1087 271 1194 307 quam
1214 257 1408 293 diademate
1431 258 1529 305 regio
1552 257 1784 305 gloriabatur,
1801 259 1879 296 loco
1902 261 2057 298 cuiusvis

356 325 551 351 armaturae
580 315 633 350 his
662 328 802 364 semper
829 325 995 361 ornatus,
1017 318 1135 366 eisque
1164 326 1274 353 utens.
1304 317 1378 353 Hac
1406 318 1556 353 mirabili
1583 319 1729 354 victoria
1756 321 1888 370 ubique
1913 322 2057 370 famige-

357 386 426 411 rata
447 405 454 419 ‚
483 390 627 423 magnae
656 375 847 412 Alexandri
875 378 974 413 urbis
1000 379 1137 414 incolae
1164 379 1350 427 publicum
1377 380 1508 414 festum
1536 387 1644 427 atque
1671 382 1878 430 panegyrim
1905 383 2054 430 singulis

355 437 458 471 annis
485 436 591 471 huius
619 450 722 472 causa
750 438 950 485 agitabant,
972 440 1068 488 quod
1099 439 1259 475 iconium
1281 439 1522 488 appellabant;
1547 453 1630 475 nam
1650 441 1739 488 regis
1761 442 1903 478 iconem
1931 444 2054 492 depin-

354 506 497 540 xerant,
520 511 602 532 cum
631 498 715 546 ipsis
735 499 838 534 armis
858 500 987 548 quibus
1015 501 1098 535 olim
1127 501 1310 536 incinctus
1338 501 1451 536 suerat
1479 501 1694 548 effigiante53
1716 516 1806 550 quae
1833 517 1890 539 res
1919 505 2051 541 mirum

356 558 441 594 illud
467 559 562 607 quod
588 559 670 595 olim
695 560 870 596 acciderat
896 561 1122 610 praedicabat
1149 563 1211 610 (1)

461 620 517 655 80.
549 618 621 655 Sed
650 634 719 655 non
751 621 797 656 ita
827 635 864 656 sc
893 622 992 669 gessit
1019 622 1186 669 magister
1209 631 1290 657 tuus
1312 621 1521 665 Mamonas,
1545 622 1602 657 cui
1625 636 1692 657 nec
1716 623 1838 671 religio
1866 638 1933 659 nec
1962 626 2052 662 fides

354 679 492 722 inerat,
519 680 579 715 scd
608 681 835 729 impudenter
863 690 966 730 atque
995 683 1126 717 furiose
1154 691 1275 717 contra
1303 682 1423 718 Deum
1453 691 1664 731 sanctosque
1691 683 1785 719 viros
1813 685 1956 732 agebat,
1986 688 2049 735 qui

354 740 538 775 anathema
560 741 653 790 apud
677 742 790 790 ipsum
813 751 931 779 erant:
953 751 1060 792 atque
1081 743 1179 778 hunc
1201 743 1437 791 apostolicum
1464 743 1734 793 angelicumque
1763 746 1981 781 monasticae
2002 747 2051 781 vi-

355 810 408 836 tae
431 801 592 837 habitum
613 802 838 845 abominans,
860 803 921 851 qui
945 811 997 838 est
1019 804 1182 851 religioni
1211 817 1407 852 eponymus
1422 833 1429 847 .,
1452 819 1586 840 nomen
1615 806 1800 841 monachis
1823 812 1847 827 “
1870 806 2050 842 immemo-

354 862 481 897 rabiles
507 891 529 905 „
552 863 730 912 imposuit.
759 862 820 898 Est
841 864 936 897 enim
958 863 1076 911 religio
1098 864 1277 911 peccatori
1299 864 1523 900 detestabilis.
1553 864 1658 911 Quae
1678 879 1760 900 vero
1781 865 1945 901 adversus
1970 866 2048 902 illos

353 923 534 970 tyrannice
557 931 726 971 tyrannus
754 923 836 959 secit
850 952 858 965 ‚
881 923 968 958 dum
996 924 1182 972 promissas
1203 923 1282 959 Deo
1305 925 1536 972 professiones
1558 926 1696 961 abolere
1718 940 1867 973 cogens,
1891 935 1925 961 et
1946 941 2047 963 sacro

352 983 474 1018 habitu
503 983 638 1018 abiecto
666 983 825 1019 laicalem
851 984 1032 1030 induere3
1060 985 1206 1033 insuper
1233 984 1320 1020 dum
1347 999 1389 1020 ex
1416 986 1469 1019 his
1496 986 1630 1034 aliquot
1657 986 1861 1022 mulieribus
1891 987 2047 1035 copulari

353 1043 485 1090 coegit,
508 1052 540 1078 et
569 1044 605 1078 in
634 1043 728 1078 ludis
758 1044 974 1079 circensibus
1002 1045 1195 1080 monachos
1219 1053 1253 1079 et
1276 1045 1485 1079 monastrias
1504 1046 1720 1081 venerandas
1747 1047 1922 1094 virgines,
1943 1047 2046 1083 binos

352 1103 486 1151 illigans
509 1104 647 1152 publice
679 1104 857 1147 traduxit,
879 1105 1168 1152 irreligiosissime
1189 1114 1293 1154 atque
1315 1105 1543 1141 iniustissime
1569 1115 1603 1141 et
1632 1116 1755 1141 contra
1777 1121 1921 1143 omnem
1946 1108 2048 1143 Chri-

352 1164 548 1199 stianorum
576 1165 686 1211 legem
713 1164 763 1199 sic
791 1179 919 1212 agens,
943 1173 977 1200 et
1005 1179 1254 1214 quaecumque
1282 1165 1348 1201 alia
1376 1166 1415 1201 in
1445 1180 1504 1201 eos
1530 1166 1616 1201 fecit
1641 1167 1821 1214 illegitima
1851 1177 1887 1203 et
1915 1169 2044 1218 impia,

351 1225 497 1259 maiores
521 1239 627 1274 quam
650 1226 709 1261 hic
735 1226 906 1261 sermonis
931 1227 1114 1272 negotium
1140 1234 1191 1261 est
1216 1227 1279 1275 (2).

457 1286 514 1321 81.
544 1285 615 1320 Sed
645 1300 706 1334 age
735 1287 820 1322 hinc
850 1287 893 1322 ad
922 1287 1135 1335 posteriores
1163 1301 1284 1334 reges,
1313 1287 1341 1322 si
1369 1287 1488 1331 lubet,
1518 1287 1702 1324 descende.
1734 1286 1927 1324 Considera
1953 1289 2045 1325 vitae

350 1359 464 1381 annos
494 1355 528 1381 et
555 1346 779 1390 felicitatem,
802 1348 972 1396 quoniam
1000 1348 1066 1383 tibi
1092 1347 1178 1383 fidei
1207 1348 1391 1383 criterium
1419 1356 1505 1383 sunt
1530 1348 1700 1384 victoriae
1729 1349 1774 1384 de
1801 1349 1983 1393 hostibus,
2011 1359 2045 1385 et

348 1408 542 1455 praesentis
568 1408 691 1443 mundi
714 1423 768 1443 res
789 1409 949 1444 illustres
978 1407 1037 1444 Tu
1065 1423 1178 1444 novae
1200 1409 1306 1453 fidei,
1329 1423 1389 1444 seu
1417 1409 1534 1458 potius
1561 1409 1641 1444 novi
1670 1410 1808 1444 dissidii
1832 1419 1938 1459 atque
1968 1410 2047 1446 infi-

350 1468 503 1503 delitatis
525 1478 669 1513 auctor,
694 1470 823 1517 ingrati
844 1470 951 1505 animi
974 1478 1151 1513 creatura,
1174 1478 1207 1505 et
1227 1470 1390 1506 luxuriae
1412 1470 1651 1518 mancipium,
1671 1479 1788 1519 specta
1808 1480 1966 1506 veterem
1986 1471 2046 1506 Iu-

348 1529 561 1572 stinianuim
580 1544 684 1578 quam
704 1531 884 1566 ferventer
905 1539 939 1565 et
962 1530 1104 1579 publice
1120 1530 1233 1566 Verbi
1255 1531 1429 1566 incarnati
1452 1531 1623 1578 imagines
1640 1531 1881 1568 honoraverit:
1898 1532 1955 1567 hic
1973 1532 2044 1567 duo

348 1589 392 1624 de
420 1591 653 1638 quadraginta
674 1592 777 1626 annis
798 1604 979 1627 romanum
1002 1592 1192 1641 imperium
1212 1592 1342 1629 tenuit.
1371 1590 1517 1638 Quanta
1544 1601 1665 1627 autem
1685 1592 1849 1627 adversus
1876 1593 2044 1627 barbaros

348 1651 512 1687 felicitate
540 1666 625 1687 usus
654 1652 782 1695 suerit,
804 1652 980 1701 plurimae
1007 1652 1051 1687 de
1078 1652 1138 1687 illo
1160 1661 1193 1687 et
1217 1653 1437 1700 gravissimae
1466 1653 1629 1688 historiae
1658 1662 1825 1696 narrant,
1847 1653 1954 1702 idque
1983 1668 2044 1688 no-

347 1720 426 1747 tum
447 1711 490 1746 iis
513 1713 574 1761 qui
596 1713 752 1748 studiose
775 1727 831 1748 eos
852 1713 956 1748 libros
985 1713 1181 1749 revolvunt.
1208 1713 1263 1748 De
1291 1713 1445 1749 conditis
1473 1713 1641 1749 aedificiis
1663 1713 1840 1760 gloriaris,
1863 1728 1976 1763 eaque
1998 1715 2043 1749 ad

348 1772 431 1807 fidei
459 1773 699 1809 testimonium
719 1774 896 1809 adsumis?
924 1773 1002 1808 Alia
1023 1773 1168 1823 quidem
1189 1774 1309 1809 omitte
1333 1774 1487 1823 plurima
1509 1783 1544 1809 et
1563 1775 1711 1810 maxima
1733 1783 1769 1809 et
1789 1775 1948 1823 quemvis
1976 1788 2044 1810 nu-

348 1846 486 1869 merum
508 1834 735 1878 excedentia,
758 1835 794 1869 in
815 1835 945 1884 quibus
966 1849 1089 1882 magna
1109 1836 1303 1870 formarum
1323 1835 1488 1870 varietate
1511 1844 1546 1870 et
1566 1834 1676 1871 Verbi
1703 1835 1984 1870 incarnationem
2007 1844 2041 1870 et

349 1903 553 1930 sanctorum
573 1896 764 1931 certamina
783 1895 1003 1944 depingenda
1021 1896 1173 1938 curavit,
1194 1910 1258 1945 per
1275 1910 1371 1931 sacra
1394 1896 1565 1931 nimirum
1587 1895 1715 1944 templa
1735 1904 1771 1931 et
1788 1896 1852 1930 alia
1871 1896 2042 1931 aedificia.

347 1954 471 1990 Unum
500 1956 559 1991 tibi
582 1971 642 2005 pro
664 1956 826 1992 omnibus
848 1957 926 1991 satis
955 1956 1042 1999 erit,
1064 1956 1161 2005 quod
1189 1970 1322 1992 nomen
1349 1957 1453 1991 habet
1477 1970 1495 1991 a
1520 1955 1691 2004 sapientia
1712 1954 1781 1990 Dei
1805 1955 1932 1998 Verbi,
1957 1964 2043 1991 tem-

346 2015 454 2063 plum.
479 2015 555 2052 Hoc
578 2025 627 2052 est
647 2017 900 2052 miraculorum
922 2016 1243 2060 mirabilissimum,
1264 2025 1336 2052 toto
1359 2017 1440 2052 orbe
1463 2016 1731 2063 famigeratum,
1755 2016 1917 2050 omnium
1939 2024 2042 2064 quot-

347 2085 433 2124 quot
454 2077 492 2112 in
514 2078 669 2113 historiis
697 2087 956 2121 memorantur,
978 2079 1150 2113 immensa
1171 2077 1404 2126 amplitudine
1419 2106 1428 2121 ,
1451 2086 1485 2112 et
1509 2077 1634 2112 eximia
1658 2077 1925 2126 pulchritudine
1940 2105 1949 2119 ,
1971 2085 2043 2113 stu-

348 2137 601 2185 pendissimum
628 2139 778 2188 visuque
805 2138 1065 2186 dignissimum.
1095 2138 1260 2174 Heraclio
1287 2147 1408 2174 autem
1425 2167 1433 2182 ,
1462 2148 1504 2174 ut
1533 2138 1761 2174 intermedios
1788 2137 2043 2186 praetermitta-

347 2210 448 2241 mus,
473 2213 515 2234 nc
537 2214 658 2247 parem
679 2200 822 2249 quidem
844 2200 1005 2235 invenire
1027 2200 1127 2236 sacile
1157 2209 1219 2235 est.
1249 2199 1417 2247 Quantus
1447 2200 1524 2235 eius
1552 2200 1660 2235 suerit
1690 2213 1768 2246 erga
1793 2199 1855 2233 has
1880 2212 1936 2233 res
1964 2198 2043 2234 reli-

349 2258 456 2304 giosas
478 2273 573 2294 amor
593 2274 632 2295 ac
653 2261 849 2304 veneratio,
868 2275 990 2308 magna
1011 2275 1098 2296 voce
1118 2261 1326 2309 praedicant
1346 2260 1497 2295 excitata
1518 2260 1561 2295 ab
1583 2274 1623 2295 eo
1647 2259 1794 2308 templa;
1814 2258 1918 2295 cuius
1939 2259 2041 2294 etiam

349 2332 421 2353 non
451 2322 667 2356 manufactas
688 2321 866 2356 servatoris
887 2321 1000 2357 nostri
1024 2321 1157 2357 Christi
1179 2321 1349 2368 imagines
1378 2329 1518 2369 tempus
1547 2321 1784 2364 conservavit,
1807 2334 1960 2370 quarum
1984 2334 2042 2368 po-

348 2380 524 2415 tissimum
552 2395 668 2417 amore
692 2391 723 2417 et
746 2382 864 2417 studio
885 2382 1087 2428 aestuabat3
1112 2391 1149 2417 ut
1170 2396 1289 2430 neque
1312 2382 1415 2417 domo
1436 2381 1639 2417 discederet
1653 2410 1661 2425 ,
1682 2395 1800 2430 neque
1822 2382 1890 2416 iter
1910 2381 2040 2429 absque

348 2441 414 2476 illis
443 2441 586 2489 adgredi
606 2443 731 2485 vellet,
753 2443 812 2478 sed
834 2443 887 2478 his
909 2443 1207 2492 peregrinationis
1235 2443 1422 2478 comitibus
1444 2443 1666 2491 ducibusque
1687 2442 1770 2477 tutis
1791 2450 1953 2477 uteretur
1977 2442 2041 2489 (3).

348 2502 474 2537 Preces
501 2516 582 2537 vero
611 2502 683 2537 eius
710 2503 752 2538 ad
780 2504 1002 2552 purissimam
1030 2504 1209 2540 dominam
1236 2512 1393 2539 nostram
1420 2502 1491 2538 Dei
1520 2511 1688 2545 matrem,
1715 2510 1922 2537 sanctorum
1951 2515 2043 2537 com-

348 2563 553 2598 memoratio
580 2571 683 2611 atque
710 2563 903 2608 invocatio,
925 2574 1076 2614 quantae
1104 2565 1274 2601 suerunt?
1302 2564 1359 2600 Ne
1388 2564 1556 2612 respirare
1584 2562 1727 2612 quidem
1755 2563 1886 2610 absque
1915 2563 2041 2598 harum

348 2637 417 2659 usu
445 2623 584 2659 solebat.
613 2623 800 2670 Quaenam
828 2639 930 2673 porro
959 2625 1093 2661 suerint
1120 2640 1174 2660 res
1203 2634 1320 2673 gestae
1344 2625 1421 2660 eius
1450 2625 1493 2659 ob
1520 2624 1613 2659 hanc
1638 2631 1772 2658 tantam
1800 2623 1907 2658 fidem
1929 2637 1967 2658 ac
1988 2637 2042 2658 re-

428 2750 463 2777 st)
483 2749 550 2774 Rem
571 2747 642 2774 lianc
661 2755 717 2774 non
736 2748 763 2773 S.
780 2748 951 2782 Sophronius
971 2748 1179 2781 tantummodo,
1195 2756 1277 2784 quem
1299 2756 1325 2783 p.
1341 2756 1381 2781 gr.
1400 2750 1459 2774 140.
1476 2746 1637 2778 citavimus,
1655 2746 1702 2774 sed
1723 2750 1748 2773 et
1766 2746 1813 2773 alii
1830 2745 2042 2782 byzantinorum

348 2799 439 2818 rerum
459 2793 619 2827 scriptores.
640 2800 709 2827 quos
728 2792 799 2818 inter
819 2793 997 2819 Hamartolus
1016 2797 1043 2819 et
1061 2793 1186 2825 Siculus,
1207 2793 1340 2820 referunt.

428 2839 464 2867 (2)
483 2836 654 2870 Nieephorus
672 2836 730 2870 ipse
749 2836 778 2862 in
798 2835 946 2867 breviario,
967 2840 993 2862 et
1013 2837 1114 2871 passim
1134 2836 1274 2871 byzantini
1295 2835 1428 2862 historici.

430 2882 464 2911 (ὃ)
484 2878 537 2906 Adi·
557 2879 761 2907 adnotationem
782 2879 816 2906 ad
836 2883 939 2907 textum
959 2888 1097 2915 graecum.
1119 2880 1163 2907 Sic
1182 2880 1264 2907 etiam
1285 2880 1315 2907 in
1334 2878 1574 2911 subsequentibus.
