2203 3331
156 438 164 444 ·
181 435 245 456 Itum⁴
262 434 320 456 Mil.
335 437 354 454 7.

149 801 153 805 ·
172 796 252 818 Matttr
263 797 310 818 Ml.
321 800 351 819 17.

227 1098 265 1117 Gr.
280 1104 302 1124 1¹-
318 1101 350 1119 ht.

153 2448 160 2454 ’
180 2442 226 2464 101..
243 2443 299 2464 MX.
318 2444 348 2462 [ὃ.

391 175 436 209 92
935 182 964 205 S·
991 182 1163 206 MCEPuoiu
1190 182 1446 206 Asrimuu-:thcs
1473 182 1523 206 111.

391 249 581 277 memorant.
601 240 816 275 merentibus
829 268 836 282 ,
855 247 949 275 recte
968 254 1030 276 nos
1048 254 1161 275 amore
1182 239 1348 275 stimulati
1367 239 1587 273 honorariam
1605 238 1844 275 adorationem
1867 241 2070 290 tribuimusg

392 317 459 337 non
488 302 581 336 illam
608 301 723 336 hercle
753 300 888 343 latriae,
909 301 1015 348 absitg
1037 309 1076 336 ut
1105 301 1158 335 isti
1186 301 1345 335 adversus
1372 300 1593 335 Christianos
1614 299 1760 347 indigno
1788 301 2087 339 Christianorum-

391 376 484 398 inore
514 371 693 409 nugantur
724 363 787 410 (1).

499 437 551 459 Η.
582 423 651 457 lam
671 423 698 458 si
720 423 810 470 leges
838 437 975 472 quoque
998 424 1146 458 recitare
1170 437 1256 471 opus
1286 431 1358 465 est,
1382 436 1424 456 en
1447 421 1601 457 Paulum
1624 422 1806 458 iubentem
1827 426 1862 460 *ἦ
1885 430 1907 444 “
1932 424 2067 459 reddite

394 514 416 525 „
445 484 607 519 omnibus
628 483 743 519 debita
757 512 765 527 ,
787 483 844 518 alii
865 492 1020 526 metum,
1042 484 1100 518 alii
1121 484 1289 519 honorem
1314 511 1336 526 „
1358 491 1393 518 et
1415 491 1587 531 quotquot
1607 482 1672 517 alia
1697 497 1778 518 eum
1799 484 1850 519 his
1873 494 2069 520 enumerat.

391 544 497 590 Quod
520 546 547 579 si
569 545 682 580 Paulo
704 558 775 579 non
797 545 987 587 obediunt,
1010 559 1054 579 ne
1079 543 1217 579 Christo
1238 543 1383 592 quidem
1403 557 1536 578 morem
1559 551 1700 590 gerent,
1721 544 1784 592 qui
1808 544 1965 580 Caesaris
1988 546 2069 580 ima-

390 607 502 653 ginem
532 605 696 641 honorari
723 605 908 641 mandavit.
936 605 1080 640 Etenim
1107 618 1252 640 nummo
1280 619 1299 639 a
1327 604 1560 639 tentatoribus
1590 604 1620 639 ei
1651 604 1787 647 oblato,
1815 619 1888 640 non
1917 606 1985 641 ait:
2012 606 2069 641 de-

391 669 526 714 spuite,
547 675 605 701 aut
633 667 857 709 conculcate,
879 675 939 701 aut
968 666 1193 700 inhonestum
1219 662 1393 713 quidlibet
1421 665 1674 700 indecorumve
1703 665 1806 700 facite
1821 693 1830 708 ,
1853 679 2067 714 quamquam

389 728 458 775 ipse
479 727 578 762 Deus
601 736 673 762 erat
697 735 727 762 et
749 727 930 762 universali
960 734 1126 774 potestate
1154 725 1351 774 praeditus;
1377 726 1435 760 sed
1459 726 1593 760 reddite
1616 725 1732 774 inquit
1756 740 1846 774 quae
1874 735 1958 761 sunt
1982 726 2067 761 Cae-

389 789 474 824 saris
499 788 661 832 Caesari,
686 797 717 824 et
739 802 829 837 quae
852 796 935 823 sunt
956 787 1023 822 Dei
1044 786 1120 821 Deo
1139 788 1166 821 ³²².
1190 786 1267 822 Hoc
1289 796 1408 822 antem
1429 787 1513 835 quid
1537 787 1631 821 aliud
1654 795 1725 829 est,
1746 786 1815 821 nisi
1836 787 1978 822 honoris
2000 788 2068 823 exi-

389 850 449 885 mii
476 850 751 885 demonstratio?
778 849 902 898 Aeque
932 848 1025 883 enim
1046 847 1089 882 de
1111 856 1262 896 utroque
1290 848 1468 896 loquitur,
1494 862 1559 883 ceu
1584 848 1695 894 legem
1716 848 1903 896 quamdam
1930 849 2067 891 serens,

387 911 474 945 dum
493 925 581 959 quae
602 910 680 945 Deo
702 910 851 952 decent,
874 909 1053 955 analogice
1077 908 1218 943 Caesari
1239 922 1380 957 quoque
1402 908 1503 943 reddi
1527 908 1720 952 mandavit,
1745 917 1777 943 et
1799 909 1941 958 quidem
1962 909 2068 944 idolo-

390 986 468 1006 rum
492 972 617 1006 cultori
640 980 671 1006 et
693 970 843 1006 ethnico.
867 969 938 1004 Sed
959 970 1039 1004 hein
1061 968 1191 1003 Christi
1209 969 1360 1004 hostium
1382 969 1602 1017 impietatem
1621 970 1721 1004 simul
1742 978 1846 1018 atque
1868 969 2066 1005 stultitiam!

391 1032 550 1067 Christus
574 1032 729 1067 Caesaris
755 1031 942 1078 imaginem
963 1044 1035 1065 non
1059 1029 1317 1076 dehonestavit3
1342 1029 1379 1064 hi
1406 1039 1527 1065 autem
1551 1030 1745 1065 Christiani
1767 1031 1853 1066 dicti
1878 1030 2066 1078 imaginem

391 1093 542 1135 Christi,
566 1092 671 1127 immo
696 1091 877 1127 Christum
899 1090 1030 1138 ipsum,
1052 1090 1247 1125 innumeris
1269 1090 1407 1125 iniuriis
1429 1090 1589 1138 pulsant,
1609 1091 1769 1139 nihilque
1791 1105 1935 1139 pravum
1957 1099 1990 1126 et
2011 1092 2067 1126 ab-

388 1153 536 1188 surdum
563 1167 633 1187 non
661 1152 907 1198 committunt3
934 1159 968 1186 et
994 1165 1108 1199 neque
1136 1163 1247 1185 sermo
1276 1150 1518 1197 evangelicus,
1540 1165 1652 1199 neque
1673 1151 1785 1199 praxis
1805 1165 1918 1199 neque
1942 1152 2066 1186 adhor-

387 1215 492 1258 tatio,
516 1223 554 1249 ut
577 1215 667 1249 bene
692 1222 816 1260 agant,
839 1212 879 1247 iis
906 1212 1129 1260 persuadent.

495 1289 548 1310 12.
575 1275 654 1309 Alio
672 1288 811 1323 quoque
832 1288 871 1308 ex
889 1273 1001 1321 capite
1022 1272 1176 1321 ipsorum
1194 1272 1348 1321 impietas
1369 1272 1518 1307 maxime
1540 1271 1788 1307 cumulabitur.
1811 1270 1851 1306 Si
1872 1272 1951 1321 quis
1973 1272 2067 1307 enim

385 1335 482 1384 pius,
504 1335 650 1382 exempli
676 1334 785 1369 veluti
814 1334 921 1381 gratia
949 1333 1063 1376 dicat,
1085 1333 1178 1381 quod
1205 1332 1312 1368 sicuti
1339 1346 1413 1367 mos
1443 1332 1512 1367 iam
1540 1332 1622 1367 inde
1651 1332 1694 1367 ab
1715 1333 1862 1381 antiquo
1888 1332 2066 1375 obtinuit,

387 1404 424 1430 ut
453 1409 575 1443 regum
604 1395 774 1442 imagines
802 1394 934 1430 subditi
962 1402 1196 1436 venerentur,
1217 1407 1286 1442 quo
1308 1393 1470 1428 videlicet
1493 1393 1648 1441 exemplo
1676 1393 1868 1428 sacerdotes
1894 1393 2004 1428 nostri
2027 1407 2065 1428 ae

385 1456 538 1504 magistri
566 1470 666 1504 saepe
697 1455 733 1490 in
761 1455 978 1490 sermonibus
1007 1454 1079 1490 suis
1104 1454 1158 1488 usi
1179 1462 1284 1497 sunt,
1307 1453 1471 1502 quodque
1500 1454 1699 1489 communis
1727 1462 1761 1489 et
1790 1453 1964 1502 popularis
1987 1467 2067 1488 con-

387 1518 538 1552 suetudo
566 1517 681 1563 novit3
705 1517 750 1551 ita
778 1530 917 1564 prorsus
940 1515 1030 1563 regIS
1052 1529 1191 1564 quoque
1219 1529 1343 1562 regum
1367 1515 1638 1564 universalisque
1660 1514 1729 1550 Dei
1750 1515 1938 1562 imaginem
1961 1516 2067 1550 hono-

385 1592 463 1613 rare
492 1587 648 1627 oportet,
670 1578 851 1625 multoque
874 1576 1133 1611 benivolentius
1161 1585 1265 1625 atque
1296 1576 1509 1622 studiosius3
1530 1576 1648 1611 audire
1672 1590 1735 1611 nos
1756 1576 1850 1611 haud
1878 1577 2066 1624 patiuntur

385 1639 421 1674 hi
449 1639 587 1682 miseri,
610 1639 669 1674 sed
698 1647 946 1687 exasperantur
975 1638 1016 1672 ad
1044 1638 1130 1673 haec
1157 1646 1261 1686 atque
1290 1638 1504 1686 respondent
1536 1644 1584 1682 σ’ς’)
1615 1637 1818 1672 hominibus
1845 1638 1989 1686 quidem
2016 1652 2066 1672 re·

389 1707 437 1744 (ἦ)
467 1700 566 1747 gibus
588 1700 783 1735 conditione
806 1708 922 1734 nostra
943 1698 1127 1747 praeditis,
1148 1707 1183 1733 et
1205 1698 1444 1733 terricolarum
1466 1698 1744 1733 dominationem
1762 1698 1907 1741 sortitis,
1930 1698 1964 1733 id
1986 1712 2067 1733 con-

389 1766 436 1804 0'4)
465 1761 601 1803 venire,
623 1760 681 1795 sed
710 1760 802 1794 idem
826 1759 964 1795 Christo
992 1759 1247 1794 accommodari
1276 1759 1433 1807 nequire.
1467 1765 1515 1804 σ’ς’)
1544 1758 1595 1793 At
1620 1759 1715 1793 enim
1736 1759 1772 1793 id
1795 1773 1856 1794 cur
1880 1759 1926 1793 ita
1952 1774 1987 1794 se
2010 1760 2067 1794 ha-

384 1821 477 1863 beat,
496 1821 566 1856 dici
589 1821 687 1856 nobis
708 1834 877 1867 rogamus.
900 1819 937 1855 Si
958 1820 1025 1868 ipsi
1043 1821 1108 1855 hoc
1121 1849 1128 1863 ,
1147 1829 1323 1868 tamquam
1341 1820 1563 1868 tyrannicum
1582 1820 1644 1862 sit,
1662 1828 1843 1866 recusant3
1863 1834 1941 1866 ergo
1960 1820 2065 1854 etiam

383 1895 479 1929 reges
501 1896 518 1916 a
546 1881 729 1929 tyrannide
758 1889 915 1927 cessent,
941 1890 975 1916 et
1002 1895 1066 1915 nos
1094 1895 1232 1929 quoque
1254 1880 1550 1930 adquiescelnuS,
1572 1880 1633 1928 qui
1661 1880 1830 1915 honorem
1856 1879 1996 1915 Christo
2026 1880 2063 1914 In

384 1941 489 1977 sacris
519 1943 623 1977 etiam
646 1943 763 1990 figuris
792 1943 979 1978 deferimus
1007 1942 1245 1977 voluntarium
1269 1950 1375 1990 atque
1397 1941 1613 1984 benivolum,
1636 1941 1711 1975 sine
1736 1941 1805 1976 ulla
1826 1941 2007 1976 coactione
2030 1950 2064 1976 et

386 2004 514 2038 ossensa
536 2004 642 2038 sidem
662 2012 817 2038 nostram
837 2017 915 2050 erga
937 2017 1016 2038 eum
1037 2003 1327 2037 demonstrantes.
1355 2002 1458 2048 Quod
1482 2002 1509 2036 si
1531 2003 1619 2036 forte
1633 2030 1640 2044 ,
1663 2001 1762 2050 quasi
1786 2001 1946 2036 Christus
1974 2001 2065 2035 nihil

383 2077 502 2099 rerum
530 2073 751 2099 terrenarum
773 2072 890 2106 curet,
912 2064 1027 2112 ipsum
1047 2072 1251 2098 aversantur
1265 2091 1272 2103 ,
1294 2063 1386 2112 quod
1410 2063 1548 2097 illorum
1569 2062 1729 2097 vesaniae
1752 2062 1860 2109 magis
1884 2062 2065 2110 proprium

386 2133 455 2167 est,
473 2125 554 2173 quid
577 2133 652 2160 tum
672 2139 733 2160 nos
754 2125 928 2160 dicimus?
951 2125 1087 2173 Nempe
1107 2124 1199 2173 quod
1218 2125 1383 2160 adversus
1405 2124 1537 2159 Christi
1560 2137 1711 2170 regnum
1732 2123 2063 2165 recalcitraverunt,

385 2185 479 2220 velut
500 2186 580 2220 olim
602 2186 656 2221 ille
679 2187 830 2222 dilectus
852 2186 1002 2230 Israhel,
1024 2186 1235 2235 diruperunt
1256 2186 1416 2228 vincula,
1439 2186 1563 2232 iugum
1583 2185 1803 2227 abiecerunt,
1825 2185 2065 2220 obedientiam

386 2255 616 2290 recusarunt,
640 2262 657 2282 a
681 2247 811 2283 Christi
833 2248 899 2282 fide
921 2248 1147 2296 impudenter
1173 2248 1429 2296 profugerunt,
1455 2246 1584 2282 Christi
1606 2260 1756 2294 regnum
1776 2247 2064 2293 abnegaverunt,

387 2307 558 2355 simulque
588 2308 838 2343 incarnationis
860 2308 1062 2356 mysterium
1077 2337 1085 2351 ,
1107 2307 1324 2343 Iudaeorum
1347 2308 1587 2342 incontinenti
1614 2307 1665 2342 ori
1694 2316 1818 2342 contra
1842 2306 2064 2342 Servatorem

386 2368 614 2403 saevientium
634 2382 751 2417 parem
773 2378 1050 2417 consuetamque
1072 2369 1227 2416 linguam
1250 2377 1469 2411 exercentes,
1489 2368 1621 2417 quibus
1641 2377 1762 2416 utpote
1783 2368 1959 2403 unanimis
1983 2382 2064 2403 con-

385 2442 467 2463 sona
494 2429 564 2463 sere
593 2429 737 2466 dicunt:
760 2444 831 2464 non
854 2430 1019 2465 habemus
1041 2444 1159 2477 regem
1181 2430 1247 2464 nisi
1272 2428 1457 2464 Caesarem
1482 2431 1508 2465 *ἦ
1537 2429 1698 2464 Eandem
1724 2429 1766 2463 ob
1792 2442 1928 2463 causam
1954 2429 1987 2462 hi
2010 2443 2064 2463 ex-

385 2498 607 2537 asperantur,
626 2499 729 2538 atque
753 2490 801 2525 illi
822 2491 999 2540 quondam
1018 2491 1159 2526 moleste
1178 2491 1347 2526 ferebant.
1370 2490 1431 2525 Sic
1454 2490 1549 2525 enim
1570 2489 1713 2525 Christo
1737 2489 1954 2532 invidentes,
1974 2498 2064 2538 post-

385 2563 489 2598 quam
515 2558 654 2598 peracta
681 2550 836 2585 viderant
864 2565 987 2599 magna
1009 2560 1041 2586 et
1061 2551 1340 2600 supernaturalia
1368 2551 1552 2599 divinaque
1582 2550 1760 2599 prodigia,
1783 2564 1872 2598 quae
1903 2564 1984 2586 eum
2013 2565 2064 2585 re-

386 2625 463 2658 gem
489 2609 676 2659 Deumque
701 2611 803 2646 simul
823 2612 1055 2647 universalem
1076 2613 1313 2648 ostendebant
1334 2627 1374 2647 ac
1398 2612 1663 2661 praedicabant,
1686 2611 1773 2660 quid
1796 2619 1875 2646 tum
1896 2612 2062 2647 aiebant?

331 2690 349 2707 ι».
387 2671 515 2707 Omnis
539 2672 599 2720 qui
623 2686 656 2706 se
681 2672 763 2706 saeit
788 2686 924 2719 regem,
953 2672 1093 2708 Caesari
1120 2674 1330 2709 contradicit
1358 2676 1384 2709 *ἦ

465 2779 500 2809 (1)
517 2777 556 2803 Ut
574 2776 639 2803 olim
659 2776 834 2811 nugabantur
853 2777 1038 2809 iconomachi,
1055 2779 1091 2805 ita
1107 2779 1189 2805 etiam
1204 2779 1358 2805 consecutis
1376 2778 1548 2813 temporibus
1567 2786 1652 2812 usque
1669 2777 1701 2805 ad
1719 2786 1784 2810 nos,
1800 2777 1949 2805 irridentur
1963 2779 2063 2805 innue-

386 2821 436 2847 rito
455 2820 489 2848 ab
512 2820 682 2848 heterodoxis
705 2820 831 2848 catholici
856 2821 931 2855 quasi
956 2821 1049 2849 latriae
1072 2822 1193 2856 cultum,
1212 2831 1268 2850 non
1287 2828 1379 2851 autem
1404 2823 1577 2850 honorariam
1598 2826 1645 2855 (ut
1664 2830 1706 2850 res
1724 2826 1781 2855 est)
1800 2823 2000 2850 venerationem
2025 2830 2063 2850 ss-

386 2863 551 2900 imaginibus
570 2865 721 2893 exhibeant.
