<?xml version="1.0" encoding="UTF-8"?>
<!DOCTYPE html PUBLIC "-//W3C//DTD XHTML 1.0 Transitional//EN"
    "http://www.w3.org/TR/xhtml1/DTD/xhtml1-transitional.dtd">
<html xmlns="http://www.w3.org/1999/xhtml" xml:lang="en" lang="en">
 <head>
  <title>
</title>
<meta http-equiv="Content-Type" content="text/html;charset=utf-8" />
  <meta name='ocr-system' content='tesseract 3.04.00' />
  <meta name='ocr-capabilities' content='ocr_page ocr_carea ocr_par ocr_line ocrx_word'/>
</head>
<body>
  <div class='ocr_page' id='page_1' title='image "./novaepatrumbibli05maiauoft/novaepatrumbibli05maiauoft_0387.png"; bbox 0 0 2203 3331; ppageno 0'>
   <div class='ocr_carea' id='block_1_1' title="bbox 435 266 1328 315">
    <p class='ocr_par' dir='ltr' id='par_1_1' title="bbox 435 266 1328 315">
     <span class='ocr_line' id='line_1_1' title="bbox 435 266 1328 315; baseline -0.006 0"><span class='ocrx_word' id='word_1_1' title='bbox 435 266 981 315; x_wconf 82' lang='lat' dir='ltr'><strong>ANTIRRHETICUS</strong></span> <span class='ocrx_word' id='word_1_2' title='bbox 1027 266 1328 312; x_wconf 85' lang='lat' dir='ltr'><strong>TERTIUS.</strong></span> 
     </span>
    </p>
   </div>
   <div class='ocr_carea' id='block_1_2' title="bbox 675 388 1096 404">
    <p class='ocr_par' dir='ltr' id='par_1_2' title="bbox 675 388 1096 404">
     <span class='ocr_line' id='line_1_2' title="bbox 675 388 1096 404; baseline 0 2927"><span class='ocrx_word' id='word_1_3' title='bbox 675 388 1096 404; x_wconf 95' lang='lat' dir='ltr'> </span> 
     </span>
    </p>
   </div>
   <div class='ocr_carea' id='block_1_3' title="bbox 47 465 1887 555">
    <p class='ocr_par' dir='ltr' id='par_1_3' title="bbox 47 465 1887 555">
     <span class='ocr_line' id='line_1_3' title="bbox 47 465 1887 555; baseline -0.004 -9"><span class='ocrx_word' id='word_1_4' title='bbox 47 465 157 550; x_wconf 82' lang='lat' dir='ltr'>Sed</span> <span class='ocrx_word' id='word_1_5' title='bbox 179 509 274 545; x_wconf 87' lang='lat' dir='ltr'>enim</span> <span class='ocrx_word' id='word_1_6' title='bbox 296 508 553 544; x_wconf 76' lang='lat' dir='ltr'>incredulitatis</span> <span class='ocrx_word' id='word_1_7' title='bbox 574 508 795 549; x_wconf 80' lang='lat' dir='ltr'>defensores,</span> <span class='ocrx_word' id='word_1_8' title='bbox 814 505 877 555; x_wconf 87' lang='lat' dir='ltr'>qui</span> <span class='ocrx_word' id='word_1_9' title='bbox 893 518 1013 540; x_wconf 87' lang='lat' dir='ltr'>rerum</span> <span class='ocrx_word' id='word_1_10' title='bbox 1032 505 1135 539; x_wconf 88' lang='lat' dir='ltr'>etiam</span> <span class='ocrx_word' id='word_1_11' title='bbox 1155 503 1292 539; x_wconf 88' lang='lat' dir='ltr'>cunctis</span> <span class='ocrx_word' id='word_1_12' title='bbox 1313 503 1578 552; x_wconf 88' lang='lat' dir='ltr'>perspicuarum</span> <span class='ocrx_word' id='word_1_13' title='bbox 1599 511 1633 538; x_wconf 92' lang='lat' dir='ltr'>et</span> <span class='ocrx_word' id='word_1_14' title='bbox 1653 516 1728 552; x_wconf 88' lang='lat' dir='ltr'>per·</span> <span class='ocrx_word' id='word_1_15' title='bbox 1764 518 1801 537; x_wconf 73' lang='lat' dir='ltr'>cr.</span> <span class='ocrx_word' id='word_1_16' title='bbox 1817 524 1839 544; x_wconf 60' lang='grc' dir='ltr'>μ.</span> <span class='ocrx_word' id='word_1_17' title='bbox 1855 520 1887 539; x_wconf 64' lang='grc' dir='ltr'>τ...</span> 
     </span>
    </p>
   </div>
   <div class='ocr_carea' id='block_1_4' title="bbox 44 563 1744 2627">
    <p class='ocr_par' dir='ltr' id='par_1_4' title="bbox 44 563 1737 1213">
     <span class='ocr_line' id='line_1_4' title="bbox 45 563 1730 618; baseline -0.005 -13"><span class='ocrx_word' id='word_1_18' title='bbox 45 570 270 618; x_wconf 71' lang='lat' dir='ltr'>vulgatarum</span> <span class='ocrx_word' id='word_1_19' title='bbox 297 578 479 605; x_wconf 84' lang='lat' dir='ltr'>accuratas</span> <span class='ocrx_word' id='word_1_20' title='bbox 505 566 820 603; x_wconf 75' lang='lat' dir='ltr'>demonstrationes</span> <span class='ocrx_word' id='word_1_21' title='bbox 840 565 1052 615; x_wconf 83' lang='lat' dir='ltr'>requirunt,</span> <span class='ocrx_word' id='word_1_22' title='bbox 1074 564 1137 614; x_wconf 89' lang='lat' dir='ltr'>qui</span> <span class='ocrx_word' id='word_1_23' title='bbox 1158 564 1341 612; x_wconf 81' lang='lat' dir='ltr'><strong>negotium</strong></span> <span class='ocrx_word' id='word_1_24' title='bbox 1362 563 1550 612; x_wconf 84' lang='lat' dir='ltr'>impietatis</span> <span class='ocrx_word' id='word_1_25' title='bbox 1573 577 1656 598; x_wconf 88' lang='lat' dir='ltr'>suae</span> <span class='ocrx_word' id='word_1_26' title='bbox 1684 563 1730 598; x_wconf 88' lang='lat' dir='ltr'>fa-</span> 
     </span>
     <span class='ocr_line' id='line_1_5' title="bbox 48 624 1731 675; baseline -0.004 -8"><span class='ocrx_word' id='word_1_27' title='bbox 48 631 149 667; x_wconf 84' lang='lat' dir='ltr'>ciunt</span> <span class='ocrx_word' id='word_1_28' title='bbox 163 660 171 675; x_wconf 90' lang='lat'>,</span> <span class='ocrx_word' id='word_1_29' title='bbox 194 640 376 667; x_wconf 88' lang='lat' dir='ltr'>rectorum</span> <span class='ocrx_word' id='word_1_30' title='bbox 404 630 569 666; x_wconf 88' lang='lat' dir='ltr'>ecclesiae</span> <span class='ocrx_word' id='word_1_31' title='bbox 590 628 792 675; x_wconf 81' lang='lat' dir='ltr'>dogmatum</span> <span class='ocrx_word' id='word_1_32' title='bbox 819 626 1103 673; x_wconf 75' lang='lat' dir='ltr'>subversionem3</span> <span class='ocrx_word' id='word_1_33' title='bbox 1125 634 1230 674; x_wconf 89' lang='lat' dir='ltr'>atque</span> <span class='ocrx_word' id='word_1_34' title='bbox 1253 625 1301 660; x_wconf 86' lang='lat' dir='ltr'>ita</span> <span class='ocrx_word' id='word_1_35' title='bbox 1323 639 1388 660; x_wconf 89' lang='lat' dir='ltr'>ceu</span> <span class='ocrx_word' id='word_1_36' title='bbox 1411 624 1657 673; x_wconf 88' lang='lat' dir='ltr'>eloquentium</span> <span class='ocrx_word' id='word_1_37' title='bbox 1676 637 1731 660; x_wconf 86' lang='lat' dir='ltr'>va·</span> 
     </span>
     <span class='ocr_line' id='line_1_6' title="bbox 44 686 1731 742; baseline -0.003 -16"><span class='ocrx_word' id='word_1_38' title='bbox 44 691 272 742; x_wconf 88' lang='lat' dir='ltr'>lidorumque</span> <span class='ocrx_word' id='word_1_39' title='bbox 301 692 583 739; x_wconf 82' lang='lat' dir='ltr'>dogmatistarum</span> <span class='ocrx_word' id='word_1_40' title='bbox 608 689 754 736; x_wconf 84' lang='lat' dir='ltr'>gloriam</span> <span class='ocrx_word' id='word_1_41' title='bbox 773 687 868 737; x_wconf 90' lang='lat' dir='ltr'>apud</span> <span class='ocrx_word' id='word_1_42' title='bbox 896 701 976 731; x_wconf 89' lang='lat' dir='ltr'>eos,</span> <span class='ocrx_word' id='word_1_43' title='bbox 997 701 1085 736; x_wconf 85' lang='lat' dir='ltr'>quos</span> <span class='ocrx_word' id='word_1_44' title='bbox 1109 686 1319 735; x_wconf 89' lang='lat' dir='ltr'>decipiunt,</span> <span class='ocrx_word' id='word_1_45' title='bbox 1339 694 1528 728; x_wconf 80' lang='lat' dir='ltr'>venantes,</span> <span class='ocrx_word' id='word_1_46' title='bbox 1550 686 1666 720; x_wconf 86' lang='lat' dir='ltr'>statim</span> <span class='ocrx_word' id='word_1_47' title='bbox 1691 699 1731 721; x_wconf 84' lang='lat' dir='ltr'>ae</span> 
     </span>
     <span class='ocr_line' id='line_1_7' title="bbox 47 745 1733 802; baseline -0.005 -14"><span class='ocrx_word' id='word_1_48' title='bbox 47 753 90 788; x_wconf 86' lang='lat' dir='ltr'>ab</span> <span class='ocrx_word' id='word_1_49' title='bbox 110 753 182 802; x_wconf 89' lang='lat' dir='ltr'>ipsa</span> <span class='ocrx_word' id='word_1_50' title='bbox 202 754 344 789; x_wconf 75' lang='lat' dir='ltr'>veritate</span> <span class='ocrx_word' id='word_1_51' title='bbox 368 759 609 799; x_wconf 81' lang='lat' dir='ltr'>coarguuntur</span> <span class='ocrx_word' id='word_1_52' title='bbox 631 758 737 799; x_wconf 90' lang='lat' dir='ltr'>atque</span> <span class='ocrx_word' id='word_1_53' title='bbox 759 757 991 798; x_wconf 85' lang='lat' dir='ltr'>premuntur,</span> <span class='ocrx_word' id='word_1_54' title='bbox 1014 748 1057 783; x_wconf 90' lang='lat' dir='ltr'>ad</span> <span class='ocrx_word' id='word_1_55' title='bbox 1083 747 1300 783; x_wconf 87' lang='lat' dir='ltr'>inordinatas</span> <span class='ocrx_word' id='word_1_56' title='bbox 1322 746 1596 794; x_wconf 80' lang='lat' dir='ltr'>disceptationes</span> <span class='ocrx_word' id='word_1_57' title='bbox 1621 754 1655 780; x_wconf 88' lang='lat' dir='ltr'>et</span> <span class='ocrx_word' id='word_1_58' title='bbox 1683 745 1733 780; x_wconf 87' lang='lat' dir='ltr'>in-</span> 
     </span>
     <span class='ocr_line' id='line_1_8' title="bbox 47 806 1733 862; baseline -0.005 -14"><span class='ocrx_word' id='word_1_59' title='bbox 47 815 252 862; x_wconf 86' lang='lat' dir='ltr'>tempestiva</span> <span class='ocrx_word' id='word_1_60' title='bbox 279 820 485 861; x_wconf 84' lang='lat' dir='ltr'>argumenta</span> <span class='ocrx_word' id='word_1_61' title='bbox 511 819 721 854; x_wconf 84' lang='lat' dir='ltr'>vertuntur,</span> <span class='ocrx_word' id='word_1_62' title='bbox 750 811 982 859; x_wconf 87' lang='lat' dir='ltr'>profanasque</span> <span class='ocrx_word' id='word_1_63' title='bbox 1010 809 1265 845; x_wconf 85' lang='lat' dir='ltr'>vocabulorum</span> <span class='ocrx_word' id='word_1_64' title='bbox 1292 808 1465 843; x_wconf 81' lang='lat' dir='ltr'>novitates</span> <span class='ocrx_word' id='word_1_65' title='bbox 1494 806 1733 849; x_wconf 81' lang='lat' dir='ltr'>concinnant,</span> 
     </span>
     <span class='ocr_line' id='line_1_9' title="bbox 48 866 1733 923; baseline -0.005 -14"><span class='ocrx_word' id='word_1_66' title='bbox 48 874 238 923; x_wconf 87' lang='lat' dir='ltr'>stultasque</span> <span class='ocrx_word' id='word_1_67' title='bbox 261 882 295 909; x_wconf 91' lang='lat' dir='ltr'>et</span> <span class='ocrx_word' id='word_1_68' title='bbox 314 874 451 921; x_wconf 87' lang='lat' dir='ltr'>ineptas</span> <span class='ocrx_word' id='word_1_69' title='bbox 471 871 587 907; x_wconf 88' lang='lat' dir='ltr'>hostili</span> <span class='ocrx_word' id='word_1_70' title='bbox 608 871 775 907; x_wconf 87' lang='lat' dir='ltr'>adversus</span> <span class='ocrx_word' id='word_1_71' title='bbox 799 870 984 906; x_wconf 84' lang='lat' dir='ltr'>Christum</span> <span class='ocrx_word' id='word_1_72' title='bbox 1000 870 1120 918; x_wconf 85' lang='lat' dir='ltr'>lingua</span> <span class='ocrx_word' id='word_1_73' title='bbox 1137 868 1361 918; x_wconf 78' lang='lat' dir='ltr'>quaestiones</span> <span class='ocrx_word' id='word_1_74' title='bbox 1381 875 1619 909; x_wconf 85' lang='lat' dir='ltr'>commovent,</span> <span class='ocrx_word' id='word_1_75' title='bbox 1639 866 1733 902; x_wconf 89' lang='lat' dir='ltr'>circa</span> 
     </span>
     <span class='ocr_line' id='line_1_10' title="bbox 47 928 1734 980; baseline -0.004 -11"><span class='ocrx_word' id='word_1_76' title='bbox 47 933 153 969; x_wconf 88' lang='lat' dir='ltr'>fidem</span> <span class='ocrx_word' id='word_1_77' title='bbox 171 948 190 969; x_wconf 90' lang='lat' dir='ltr'>a</span> <span class='ocrx_word' id='word_1_78' title='bbox 210 948 245 969; x_wconf 87' lang='lat' dir='ltr'>se</span> <span class='ocrx_word' id='word_1_79' title='bbox 269 933 439 968; x_wconf 88' lang='lat' dir='ltr'>abiectam</span> <span class='ocrx_word' id='word_1_80' title='bbox 465 934 715 980; x_wconf 78' lang='lat' dir='ltr'>naufragantes</span> <span class='ocrx_word' id='word_1_81' title='bbox 738 933 779 976; x_wconf 40' lang='grc' dir='ltr'>ᾔ,</span> <span class='ocrx_word' id='word_1_82' title='bbox 800 932 888 966; x_wconf 87' lang='lat' dir='ltr'>nihil</span> <span class='ocrx_word' id='word_1_83' title='bbox 916 931 1066 967; x_wconf 87' lang='lat' dir='ltr'>scientes</span> <span class='ocrx_word' id='word_1_84' title='bbox 1095 931 1154 966; x_wconf 90' lang='lat' dir='ltr'>sed</span> <span class='ocrx_word' id='word_1_85' title='bbox 1178 930 1411 977; x_wconf 84' lang='lat' dir='ltr'>languentes,</span> <span class='ocrx_word' id='word_1_86' title='bbox 1434 937 1472 964; x_wconf 91' lang='lat' dir='ltr'>ut</span> <span class='ocrx_word' id='word_1_87' title='bbox 1497 942 1615 964; x_wconf 88' lang='lat' dir='ltr'>sacrae</span> <span class='ocrx_word' id='word_1_88' title='bbox 1643 928 1734 963; x_wconf 88' lang='lat' dir='ltr'>litte-</span> 
     </span>
     <span class='ocr_line' id='line_1_11' title="bbox 46 989 1736 1043; baseline -0.003 -14"><span class='ocrx_word' id='word_1_89' title='bbox 46 1008 105 1030; x_wconf 84' lang='lat' dir='ltr'>rae</span> <span class='ocrx_word' id='word_1_90' title='bbox 133 995 233 1031; x_wconf 89' lang='lat' dir='ltr'>aiunt</span> <span class='ocrx_word' id='word_1_91' title='bbox 258 996 299 1038; x_wconf 36' lang='grc' dir='ltr'>ᾖ,</span> <span class='ocrx_word' id='word_1_92' title='bbox 321 995 413 1030; x_wconf 90' lang='lat' dir='ltr'>circa</span> <span class='ocrx_word' id='word_1_93' title='bbox 439 995 659 1043; x_wconf 81' lang='lat' dir='ltr'>quaestiones</span> <span class='ocrx_word' id='word_1_94' title='bbox 686 997 705 1015; x_wconf 43' lang='grc' dir='ltr'><strong><em>ᾖ</em></strong></span> <span class='ocrx_word' id='word_1_95' title='bbox 733 1003 769 1029; x_wconf 90' lang='lat' dir='ltr'>et</span> <span class='ocrx_word' id='word_1_96' title='bbox 789 1007 920 1043; x_wconf 82' lang='lat' dir='ltr'>pugnas</span> <span class='ocrx_word' id='word_1_97' title='bbox 946 993 1143 1029; x_wconf 85' lang='lat' dir='ltr'>verborum.</span> <span class='ocrx_word' id='word_1_98' title='bbox 1173 991 1414 1038; x_wconf 85' lang='lat' dir='ltr'>Quamobrem</span> <span class='ocrx_word' id='word_1_99' title='bbox 1434 990 1536 1025; x_wconf 88' lang='lat' dir='ltr'>nobis</span> <span class='ocrx_word' id='word_1_100' title='bbox 1563 1004 1597 1024; x_wconf 89' lang='lat' dir='ltr'>se</span> <span class='ocrx_word' id='word_1_101' title='bbox 1627 989 1736 1025; x_wconf 87' lang='lat' dir='ltr'>addu-</span> 
     </span>
     <span class='ocr_line' id='line_1_12' title="bbox 45 1051 1737 1105; baseline -0.004 -15"><span class='ocrx_word' id='word_1_102' title='bbox 45 1055 198 1091; x_wconf 82' lang='lat' dir='ltr'>bitantes</span> <span class='ocrx_word' id='word_1_103' title='bbox 227 1055 418 1102; x_wconf 67' lang='lat' dir='ltr'>exhibentg</span> <span class='ocrx_word' id='word_1_104' title='bbox 446 1064 548 1105; x_wconf 89' lang='lat' dir='ltr'>atque</span> <span class='ocrx_word' id='word_1_105' title='bbox 577 1055 676 1090; x_wconf 89' lang='lat' dir='ltr'>unde</span> <span class='ocrx_word' id='word_1_106' title='bbox 702 1055 808 1090; x_wconf 89' lang='lat' dir='ltr'>nobis</span> <span class='ocrx_word' id='word_1_107' title='bbox 834 1054 1027 1102; x_wconf 84' lang='lat' dir='ltr'>imaginum</span> <span class='ocrx_word' id='word_1_108' title='bbox 1053 1053 1143 1088; x_wconf 90' lang='lat' dir='ltr'>ratio</span> <span class='ocrx_word' id='word_1_109' title='bbox 1171 1059 1268 1100; x_wconf 88' lang='lat' dir='ltr'>capta</span> <span class='ocrx_word' id='word_1_110' title='bbox 1295 1051 1405 1087; x_wconf 87' lang='lat' dir='ltr'>suerit</span> <span class='ocrx_word' id='word_1_111' title='bbox 1433 1051 1649 1097; x_wconf 81' lang='lat' dir='ltr'>interrogant</span> <span class='ocrx_word' id='word_1_112' title='bbox 1666 1079 1674 1094; x_wconf 82' lang='lat'>,</span> <span class='ocrx_word' id='word_1_113' title='bbox 1703 1059 1737 1085; x_wconf 89' lang='lat' dir='ltr'>et</span> 
     </span>
     <span class='ocr_line' id='line_1_13' title="bbox 46 1111 1736 1165; baseline -0.002 -15"><span class='ocrx_word' id='word_1_114' title='bbox 46 1115 143 1151; x_wconf 89' lang='lat' dir='ltr'>unde</span> <span class='ocrx_word' id='word_1_115' title='bbox 164 1116 317 1165; x_wconf 84' lang='lat' dir='ltr'>ipsarum</span> <span class='ocrx_word' id='word_1_116' title='bbox 336 1116 514 1152; x_wconf 82' lang='lat' dir='ltr'>veneratio</span> <span class='ocrx_word' id='word_1_117' title='bbox 536 1116 686 1152; x_wconf 75' lang='lat' dir='ltr'>tradita?</span> <span class='ocrx_word' id='word_1_118' title='bbox 709 1123 886 1165; x_wconf 83' lang='lat' dir='ltr'>sperantes</span> <span class='ocrx_word' id='word_1_119' title='bbox 906 1115 1042 1151; x_wconf 88' lang='lat' dir='ltr'>scilicet</span> <span class='ocrx_word' id='word_1_120' title='bbox 1060 1113 1163 1150; x_wconf 86' lang='lat' dir='ltr'>nobis</span> <span class='ocrx_word' id='word_1_121' title='bbox 1183 1113 1226 1149; x_wconf 86' lang='lat' dir='ltr'>ad</span> <span class='ocrx_word' id='word_1_122' title='bbox 1248 1112 1376 1148; x_wconf 87' lang='lat' dir='ltr'>incitas</span> <span class='ocrx_word' id='word_1_123' title='bbox 1400 1111 1548 1147; x_wconf 87' lang='lat' dir='ltr'>redactis</span> <span class='ocrx_word' id='word_1_124' title='bbox 1572 1111 1736 1147; x_wconf 88' lang='lat' dir='ltr'>fiduciam</span> 
     </span>
     <span class='ocr_line' id='line_1_14' title="bbox 46 1175 262 1213; baseline 0.009 -2"><span class='ocrx_word' id='word_1_125' title='bbox 46 1175 262 1213; x_wconf 85' lang='lat' dir='ltr'>defuturam.</span> 
     </span>
    </p>

    <p class='ocr_par' dir='ltr' id='par_1_5' title="bbox 47 1236 1744 2627">
     <span class='ocr_line' id='line_1_15' title="bbox 156 1236 1738 1288; baseline -0.002 -17"><span class='ocrx_word' id='word_1_126' title='bbox 156 1250 185 1272; x_wconf 87' lang='lat'>1.</span> <span class='ocrx_word' id='word_1_127' title='bbox 213 1236 291 1285; x_wconf 79' lang='lat' dir='ltr'>Age</span> <span class='ocrx_word' id='word_1_128' title='bbox 316 1251 398 1273; x_wconf 74' lang='lat' dir='ltr'>vero</span> <span class='ocrx_word' id='word_1_129' title='bbox 419 1238 626 1274; x_wconf 89' lang='lat' dir='ltr'>huiusmodi</span> <span class='ocrx_word' id='word_1_130' title='bbox 655 1237 874 1288; x_wconf 86' lang='lat' dir='ltr'>quaestioni,</span> <span class='ocrx_word' id='word_1_131' title='bbox 897 1245 1137 1274; x_wconf 84' lang='lat' dir='ltr'>consentaneo</span> <span class='ocrx_word' id='word_1_132' title='bbox 1158 1250 1225 1272; x_wconf 89' lang='lat' dir='ltr'>nos</span> <span class='ocrx_word' id='word_1_133' title='bbox 1246 1249 1390 1285; x_wconf 89' lang='lat' dir='ltr'>quoque</span> <span class='ocrx_word' id='word_1_134' title='bbox 1412 1248 1574 1270; x_wconf 87' lang='lat' dir='ltr'>sermone</span> <span class='ocrx_word' id='word_1_135' title='bbox 1595 1247 1738 1282; x_wconf 84' lang='lat' dir='ltr'>respon-</span> 
     </span>
     <span class='ocr_line' id='line_1_16' title="bbox 50 1295 1738 1347; baseline -0.001 -16"><span class='ocrx_word' id='word_1_136' title='bbox 50 1296 185 1333; x_wconf 85' lang='lat' dir='ltr'>demus.</span> <span class='ocrx_word' id='word_1_137' title='bbox 206 1297 398 1333; x_wconf 80' lang='lat' dir='ltr'>Undenam</span> <span class='ocrx_word' id='word_1_138' title='bbox 416 1299 516 1334; x_wconf 77' lang='lat' dir='ltr'>vobis</span> <span class='ocrx_word' id='word_1_139' title='bbox 538 1299 820 1347; x_wconf 84' lang='lat' dir='ltr'>evangelicorum</span> <span class='ocrx_word' id='word_1_140' title='bbox 839 1298 1010 1333; x_wconf 79' lang='lat' dir='ltr'>librorum</span> <span class='ocrx_word' id='word_1_141' title='bbox 1032 1297 1209 1341; x_wconf 86' lang='lat' dir='ltr'>inventio,</span> <span class='ocrx_word' id='word_1_142' title='bbox 1233 1306 1267 1333; x_wconf 90' lang='lat' dir='ltr'>et</span> <span class='ocrx_word' id='word_1_143' title='bbox 1287 1297 1343 1331; x_wconf 91' lang='lat' dir='ltr'>illa</span> <span class='ocrx_word' id='word_1_144' title='bbox 1364 1309 1471 1345; x_wconf 86' lang='lat' dir='ltr'>quam</span> <span class='ocrx_word' id='word_1_145' title='bbox 1489 1295 1544 1330; x_wconf 88' lang='lat' dir='ltr'>his</span> <span class='ocrx_word' id='word_1_146' title='bbox 1567 1295 1738 1330; x_wconf 87' lang='lat' dir='ltr'>adhibetis</span> 
     </span>
     <span class='ocr_line' id='line_1_17' title="bbox 47 1355 1738 1408; baseline -0.001 -17"><span class='ocrx_word' id='word_1_147' title='bbox 47 1358 227 1393; x_wconf 82' lang='lat' dir='ltr'>veneratio</span> <span class='ocrx_word' id='word_1_148' title='bbox 257 1358 497 1394; x_wconf 89' lang='lat' dir='ltr'>demonstrata</span> <span class='ocrx_word' id='word_1_149' title='bbox 525 1360 615 1403; x_wconf 77' lang='lat' dir='ltr'>suit,</span> <span class='ocrx_word' id='word_1_150' title='bbox 642 1360 798 1408; x_wconf 83' lang='lat' dir='ltr'>itemque</span> <span class='ocrx_word' id='word_1_151' title='bbox 832 1373 920 1395; x_wconf 80' lang='lat' dir='ltr'>crux</span> <span class='ocrx_word' id='word_1_152' title='bbox 949 1367 983 1394; x_wconf 89' lang='lat' dir='ltr'>et</span> <span class='ocrx_word' id='word_1_153' title='bbox 1011 1372 1256 1407; x_wconf 85' lang='lat' dir='ltr'>quaecumque</span> <span class='ocrx_word' id='word_1_154' title='bbox 1286 1357 1353 1392; x_wconf 87' lang='lat' dir='ltr'>alia</span> <span class='ocrx_word' id='word_1_155' title='bbox 1382 1358 1418 1392; x_wconf 88' lang='lat' dir='ltr'>in</span> <span class='ocrx_word' id='word_1_156' title='bbox 1448 1355 1738 1392; x_wconf 89' lang='lat' dir='ltr'>Christianorum</span> 
     </span>
     <span class='ocr_line' id='line_1_18' title="bbox 49 1417 1737 1470; baseline -0.001 -18"><span class='ocrx_word' id='word_1_157' title='bbox 49 1418 197 1454; x_wconf 89' lang='lat' dir='ltr'>ecclesia</span> <span class='ocrx_word' id='word_1_158' title='bbox 218 1420 384 1469; x_wconf 89' lang='lat' dir='ltr'>obsequio</span> <span class='ocrx_word' id='word_1_159' title='bbox 407 1420 577 1470; x_wconf 88' lang='lat' dir='ltr'>cultuque</span> <span class='ocrx_word' id='word_1_160' title='bbox 600 1420 778 1468; x_wconf 78' lang='lat' dir='ltr'>gaudent?</span> <span class='ocrx_word' id='word_1_161' title='bbox 804 1419 905 1466; x_wconf 86' lang='lat' dir='ltr'>Quae</span> <span class='ocrx_word' id='word_1_162' title='bbox 927 1432 1039 1468; x_wconf 89' lang='lat' dir='ltr'>quum</span> <span class='ocrx_word' id='word_1_163' title='bbox 1058 1419 1208 1455; x_wconf 86' lang='lat' dir='ltr'>audiunt</span> <span class='ocrx_word' id='word_1_164' title='bbox 1222 1447 1230 1462; x_wconf 86' lang='lat'><strong>‚</strong></span> <span class='ocrx_word' id='word_1_165' title='bbox 1253 1426 1502 1467; x_wconf 86' lang='lat' dir='ltr'>exasperantur</span> <span class='ocrx_word' id='word_1_166' title='bbox 1523 1417 1737 1466; x_wconf 88' lang='lat' dir='ltr'>plurimum,</span> 
     </span>
     <span class='ocr_line' id='line_1_19' title="bbox 50 1478 1739 1523; baseline -0.001 -9"><span class='ocrx_word' id='word_1_167' title='bbox 50 1487 85 1514; x_wconf 88' lang='lat' dir='ltr'>et</span> <span class='ocrx_word' id='word_1_168' title='bbox 112 1493 194 1514; x_wconf 88' lang='lat' dir='ltr'>cum</span> <span class='ocrx_word' id='word_1_169' title='bbox 215 1480 267 1515; x_wconf 90' lang='lat' dir='ltr'>ira</span> <span class='ocrx_word' id='word_1_170' title='bbox 287 1480 465 1516; x_wconf 87' lang='lat' dir='ltr'>definiunt</span> <span class='ocrx_word' id='word_1_171' title='bbox 491 1495 563 1516; x_wconf 87' lang='lat' dir='ltr'>non</span> <span class='ocrx_word' id='word_1_172' title='bbox 594 1495 668 1516; x_wconf 84' lang='lat' dir='ltr'>esse</span> <span class='ocrx_word' id='word_1_173' title='bbox 691 1480 736 1516; x_wconf 88' lang='lat' dir='ltr'>de</span> <span class='ocrx_word' id='word_1_174' title='bbox 757 1481 813 1515; x_wconf 86' lang='lat' dir='ltr'>his</span> <span class='ocrx_word' id='word_1_175' title='bbox 835 1480 1111 1523; x_wconf 82' lang='lat' dir='ltr'>sciscitandum,</span> <span class='ocrx_word' id='word_1_176' title='bbox 1132 1488 1335 1515; x_wconf 85' lang='lat' dir='ltr'>metuentes</span> <span class='ocrx_word' id='word_1_177' title='bbox 1365 1479 1499 1514; x_wconf 84' lang='lat' dir='ltr'>scilicet</span> <span class='ocrx_word' id='word_1_178' title='bbox 1524 1492 1570 1513; x_wconf 88' lang='lat' dir='ltr'>ne</span> <span class='ocrx_word' id='word_1_179' title='bbox 1600 1478 1636 1512; x_wconf 90' lang='lat' dir='ltr'>in</span> <span class='ocrx_word' id='word_1_180' title='bbox 1661 1491 1739 1512; x_wconf 88' lang='lat' dir='ltr'>ean-</span> 
     </span>
     <span class='ocr_line' id='line_1_20' title="bbox 49 1538 1738 1591; baseline -0.001 -16"><span class='ocrx_word' id='word_1_181' title='bbox 49 1540 132 1576; x_wconf 85' lang='lat' dir='ltr'>dem</span> <span class='ocrx_word' id='word_1_182' title='bbox 158 1541 341 1576; x_wconf 84' lang='lat' dir='ltr'>nobiscum</span> <span class='ocrx_word' id='word_1_183' title='bbox 371 1541 639 1577; x_wconf 86' lang='lat' dir='ltr'>controversiam</span> <span class='ocrx_word' id='word_1_184' title='bbox 667 1541 836 1578; x_wconf 85' lang='lat' dir='ltr'>incidant.</span> <span class='ocrx_word' id='word_1_185' title='bbox 863 1542 1005 1579; x_wconf 87' lang='lat' dir='ltr'>Deinde</span> <span class='ocrx_word' id='word_1_186' title='bbox 1033 1541 1132 1591; x_wconf 87' lang='lat' dir='ltr'>quasi</span> <span class='ocrx_word' id='word_1_187' title='bbox 1159 1541 1302 1576; x_wconf 90' lang='lat' dir='ltr'>aliunde</span> <span class='ocrx_word' id='word_1_188' title='bbox 1330 1555 1403 1576; x_wconf 90' lang='lat' dir='ltr'>non</span> <span class='ocrx_word' id='word_1_189' title='bbox 1431 1540 1567 1589; x_wconf 85' lang='lat' dir='ltr'>possint</span> <span class='ocrx_word' id='word_1_190' title='bbox 1595 1538 1738 1574; x_wconf 75' lang='lat' dir='ltr'>evadere</span> 
     </span>
     <span class='ocr_line' id='line_1_21' title="bbox 53 1600 1740 1652; baseline -0.001 -16"><span class='ocrx_word' id='word_1_191' title='bbox 53 1602 161 1649; x_wconf 87' lang='lat' dir='ltr'>(nam</span> <span class='ocrx_word' id='word_1_192' title='bbox 181 1602 267 1650; x_wconf 85' lang='lat' dir='ltr'>quid</span> <span class='ocrx_word' id='word_1_193' title='bbox 289 1602 386 1638; x_wconf 85' lang='lat' dir='ltr'>aliud</span> <span class='ocrx_word' id='word_1_194' title='bbox 408 1603 526 1638; x_wconf 86' lang='lat' dir='ltr'>dicere</span> <span class='ocrx_word' id='word_1_195' title='bbox 548 1604 728 1652; x_wconf 79' lang='lat' dir='ltr'>queant?)</span> <span class='ocrx_word' id='word_1_196' title='bbox 751 1603 795 1638; x_wconf 90' lang='lat' dir='ltr'>ad</span> <span class='ocrx_word' id='word_1_197' title='bbox 815 1603 1040 1638; x_wconf 85' lang='lat' dir='ltr'>traditionem</span> <span class='ocrx_word' id='word_1_198' title='bbox 1061 1603 1291 1650; x_wconf 66' lang='lat' dir='ltr'>confugiunt,</span> <span class='ocrx_word' id='word_1_199' title='bbox 1316 1610 1423 1651; x_wconf 88' lang='lat' dir='ltr'>prout</span> <span class='ocrx_word' id='word_1_200' title='bbox 1444 1601 1604 1637; x_wconf 82' lang='lat' dir='ltr'>homines</span> <span class='ocrx_word' id='word_1_201' title='bbox 1626 1600 1740 1635; x_wconf 82' lang='lat' dir='ltr'>solent</span> 
     </span>
     <span class='ocr_line' id='line_1_22' title="bbox 49 1661 1739 1713; baseline -0.001 -16"><span class='ocrx_word' id='word_1_202' title='bbox 49 1675 185 1697; x_wconf 86' lang='lat' dir='ltr'>earcere</span> <span class='ocrx_word' id='word_1_203' title='bbox 213 1663 330 1698; x_wconf 87' lang='lat' dir='ltr'>emissi</span> <span class='ocrx_word' id='word_1_204' title='bbox 352 1664 415 1713; x_wconf 89' lang='lat' dir='ltr'>qui</span> <span class='ocrx_word' id='word_1_205' title='bbox 435 1664 478 1698; x_wconf 88' lang='lat' dir='ltr'>ad</span> <span class='ocrx_word' id='word_1_206' title='bbox 500 1663 651 1713; x_wconf 87' lang='lat' dir='ltr'>spatiosa</span> <span class='ocrx_word' id='word_1_207' title='bbox 675 1672 708 1699; x_wconf 88' lang='lat' dir='ltr'>et</span> <span class='ocrx_word' id='word_1_208' title='bbox 727 1664 839 1700; x_wconf 87' lang='lat' dir='ltr'>libera</span> <span class='ocrx_word' id='word_1_209' title='bbox 859 1664 936 1700; x_wconf 90' lang='lat' dir='ltr'>loca</span> <span class='ocrx_word' id='word_1_210' title='bbox 956 1664 1172 1706; x_wconf 87' lang='lat' dir='ltr'>decurrunt,</span> <span class='ocrx_word' id='word_1_211' title='bbox 1194 1672 1297 1712; x_wconf 89' lang='lat' dir='ltr'>atque</span> <span class='ocrx_word' id='word_1_212' title='bbox 1320 1663 1502 1698; x_wconf 77' lang='lat' dir='ltr'>ecclesiam</span> <span class='ocrx_word' id='word_1_213' title='bbox 1523 1662 1593 1697; x_wconf 87' lang='lat' dir='ltr'>iam</span> <span class='ocrx_word' id='word_1_214' title='bbox 1614 1661 1698 1697; x_wconf 88' lang='lat' dir='ltr'>inde</span> <span class='ocrx_word' id='word_1_215' title='bbox 1720 1675 1739 1696; x_wconf 86' lang='lat' dir='ltr'>a</span> 
     </span>
     <span class='ocr_line' id='line_1_23' title="bbox 50 1722 1738 1773; baseline 0.001 -16"><span class='ocrx_word' id='word_1_216' title='bbox 50 1723 251 1770; x_wconf 86' lang='lat' dir='ltr'>primordiis</span> <span class='ocrx_word' id='word_1_217' title='bbox 280 1724 476 1772; x_wconf 84' lang='lat' dir='ltr'>suscepisse</span> <span class='ocrx_word' id='word_1_218' title='bbox 506 1725 674 1773; x_wconf 86' lang='lat' dir='ltr'>scriptam</span> <span class='ocrx_word' id='word_1_219' title='bbox 695 1724 733 1759; x_wconf 91' lang='lat' dir='ltr'>in</span> <span class='ocrx_word' id='word_1_220' title='bbox 756 1724 823 1759; x_wconf 86' lang='lat' dir='ltr'>illis</span> <span class='ocrx_word' id='word_1_221' title='bbox 850 1725 950 1760; x_wconf 85' lang='lat' dir='ltr'>libris</span> <span class='ocrx_word' id='word_1_222' title='bbox 971 1739 1011 1760; x_wconf 94' lang='lat' dir='ltr'>ac</span> <span class='ocrx_word' id='word_1_223' title='bbox 1035 1724 1295 1760; x_wconf 82' lang='lat' dir='ltr'>manifestatam</span> <span class='ocrx_word' id='word_1_224' title='bbox 1322 1724 1488 1771; x_wconf 80' lang='lat' dir='ltr'>gratiam,</span> <span class='ocrx_word' id='word_1_225' title='bbox 1509 1722 1738 1771; x_wconf 87' lang='lat' dir='ltr'>respondent.</span> 
     </span>
     <span class='ocr_line' id='line_1_24' title="bbox 49 1783 1740 1834; baseline 0.001 -16"><span class='ocrx_word' id='word_1_226' title='bbox 49 1783 164 1819; x_wconf 89' lang='lat' dir='ltr'>Porro</span> <span class='ocrx_word' id='word_1_227' title='bbox 191 1785 220 1819; x_wconf 93' lang='lat' dir='ltr'>si</span> <span class='ocrx_word' id='word_1_228' title='bbox 248 1786 328 1834; x_wconf 81' lang='lat' dir='ltr'>quis</span> <span class='ocrx_word' id='word_1_229' title='bbox 355 1786 501 1821; x_wconf 81' lang='lat' dir='ltr'>istorum</span> <span class='ocrx_word' id='word_1_230' title='bbox 528 1785 813 1821; x_wconf 86' lang='lat' dir='ltr'>incredulitatem</span> <span class='ocrx_word' id='word_1_231' title='bbox 840 1795 946 1834; x_wconf 83' lang='lat' dir='ltr'>atque</span> <span class='ocrx_word' id='word_1_232' title='bbox 976 1785 1216 1834; x_wconf 82' lang='lat' dir='ltr'>insipientiam</span> <span class='ocrx_word' id='word_1_233' title='bbox 1245 1793 1397 1833; x_wconf 84' lang='lat' dir='ltr'>spectet,</span> <span class='ocrx_word' id='word_1_234' title='bbox 1420 1798 1502 1820; x_wconf 87' lang='lat' dir='ltr'>sane</span> <span class='ocrx_word' id='word_1_235' title='bbox 1531 1784 1626 1819; x_wconf 89' lang='lat' dir='ltr'>dicet</span> <span class='ocrx_word' id='word_1_236' title='bbox 1653 1798 1740 1832; x_wconf 88' lang='lat' dir='ltr'>opus</span> 
     </span>
     <span class='ocr_line' id='line_1_25' title="bbox 50 1846 1742 1896; baseline -0.001 -16"><span class='ocrx_word' id='word_1_237' title='bbox 50 1858 121 1880; x_wconf 82' lang='lat' dir='ltr'>esse</span> <span class='ocrx_word' id='word_1_238' title='bbox 144 1846 226 1894; x_wconf 88' lang='lat' dir='ltr'>ipsis</span> <span class='ocrx_word' id='word_1_239' title='bbox 247 1847 423 1895; x_wconf 87' lang='lat' dir='ltr'>scriptura</span> <span class='ocrx_word' id='word_1_240' title='bbox 443 1847 525 1890; x_wconf 88' lang='lat' dir='ltr'>alia,</span> <span class='ocrx_word' id='word_1_241' title='bbox 546 1847 684 1896; x_wconf 86' lang='lat' dir='ltr'>aliaque</span> <span class='ocrx_word' id='word_1_242' title='bbox 706 1856 904 1895; x_wconf 90' lang='lat' dir='ltr'>utcumque</span> <span class='ocrx_word' id='word_1_243' title='bbox 925 1847 1246 1890; x_wconf 84' lang='lat' dir='ltr'>demonstratione,</span> <span class='ocrx_word' id='word_1_244' title='bbox 1265 1860 1353 1895; x_wconf 87' lang='lat' dir='ltr'>quae</span> <span class='ocrx_word' id='word_1_245' title='bbox 1375 1846 1619 1892; x_wconf 79' lang='lat' dir='ltr'>consignatam</span> <span class='ocrx_word' id='word_1_246' title='bbox 1641 1859 1742 1880; x_wconf 84' lang='lat' dir='ltr'>evan-</span> 
     </span>
     <span class='ocr_line' id='line_1_26' title="bbox 51 1904 1740 1956; baseline 0.001 -17"><span class='ocrx_word' id='word_1_247' title='bbox 51 1904 149 1952; x_wconf 76' lang='lat' dir='ltr'>geliis</span> <span class='ocrx_word' id='word_1_248' title='bbox 175 1905 358 1942; x_wconf 88' lang='lat' dir='ltr'>veritatem</span> <span class='ocrx_word' id='word_1_249' title='bbox 392 1907 588 1943; x_wconf 88' lang='lat' dir='ltr'>adtestetur</span> <span class='ocrx_word' id='word_1_250' title='bbox 621 1916 722 1956; x_wconf 84' lang='lat' dir='ltr'>atque</span> <span class='ocrx_word' id='word_1_251' title='bbox 757 1908 971 1954; x_wconf 78' lang='lat' dir='ltr'>confirmet3</span> <span class='ocrx_word' id='word_1_252' title='bbox 998 1921 1187 1956; x_wconf 85' lang='lat' dir='ltr'>rursusque</span> <span class='ocrx_word' id='word_1_253' title='bbox 1216 1907 1300 1941; x_wconf 88' lang='lat' dir='ltr'>huic</span> <span class='ocrx_word' id='word_1_254' title='bbox 1335 1906 1515 1942; x_wconf 87' lang='lat' dir='ltr'>secundae</span> <span class='ocrx_word' id='word_1_255' title='bbox 1544 1906 1740 1953; x_wconf 86' lang='lat' dir='ltr'>scripturae</span> 
     </span>
     <span class='ocr_line' id='line_1_27' title="bbox 51 1965 1741 2017; baseline 0 -17"><span class='ocrx_word' id='word_1_256' title='bbox 51 1979 140 2014; x_wconf 90' lang='lat' dir='ltr'>opus</span> <span class='ocrx_word' id='word_1_257' title='bbox 170 1981 245 2002; x_wconf 76' lang='lat' dir='ltr'>esse</span> <span class='ocrx_word' id='word_1_258' title='bbox 273 1967 363 2011; x_wconf 86' lang='lat' dir='ltr'>alia,</span> <span class='ocrx_word' id='word_1_259' title='bbox 393 1976 500 2016; x_wconf 88' lang='lat' dir='ltr'>atque</span> <span class='ocrx_word' id='word_1_260' title='bbox 528 1968 577 2002; x_wconf 91' lang='lat' dir='ltr'>ita</span> <span class='ocrx_word' id='word_1_261' title='bbox 602 1967 640 2002; x_wconf 87' lang='lat' dir='ltr'>in</span> <span class='ocrx_word' id='word_1_262' title='bbox 668 1967 853 2003; x_wconf 87' lang='lat' dir='ltr'>infinitum</span> <span class='ocrx_word' id='word_1_263' title='bbox 882 1967 1081 2017; x_wconf 88' lang='lat' dir='ltr'>procedere.</span> <span class='ocrx_word' id='word_1_264' title='bbox 1111 1966 1183 2001; x_wconf 86' lang='lat' dir='ltr'>Sed</span> <span class='ocrx_word' id='word_1_265' title='bbox 1210 1967 1277 2002; x_wconf 90' lang='lat' dir='ltr'>hoc</span> <span class='ocrx_word' id='word_1_266' title='bbox 1306 1980 1386 2001; x_wconf 87' lang='lat' dir='ltr'>sane</span> <span class='ocrx_word' id='word_1_267' title='bbox 1416 1966 1569 2014; x_wconf 90' lang='lat' dir='ltr'>ipsorum</span> <span class='ocrx_word' id='word_1_268' title='bbox 1599 1965 1741 2013; x_wconf 87' lang='lat' dir='ltr'>ineptiis</span> 
     </span>
     <span class='ocr_line' id='line_1_28' title="bbox 54 2027 1742 2078; baseline -0.001 -17"><span class='ocrx_word' id='word_1_269' title='bbox 54 2027 298 2065; x_wconf 85' lang='lat' dir='ltr'>concedamus.</span> <span class='ocrx_word' id='word_1_270' title='bbox 327 2028 570 2064; x_wconf 85' lang='lat' dir='ltr'>Traditionem</span> <span class='ocrx_word' id='word_1_271' title='bbox 597 2029 862 2078; x_wconf 82' lang='lat' dir='ltr'>praetendunt,</span> <span class='ocrx_word' id='word_1_272' title='bbox 887 2042 994 2078; x_wconf 90' lang='lat' dir='ltr'>quam</span> <span class='ocrx_word' id='word_1_273' title='bbox 1020 2028 1059 2063; x_wconf 89' lang='lat' dir='ltr'>in</span> <span class='ocrx_word' id='word_1_274' title='bbox 1085 2029 1193 2063; x_wconf 86' lang='lat' dir='ltr'>rebus</span> <span class='ocrx_word' id='word_1_275' title='bbox 1222 2028 1291 2063; x_wconf 84' lang='lat' dir='ltr'>sibi</span> <span class='ocrx_word' id='word_1_276' title='bbox 1318 2027 1486 2062; x_wconf 85' lang='lat' dir='ltr'>iucundis</span> <span class='ocrx_word' id='word_1_277' title='bbox 1513 2027 1583 2061; x_wconf 85' lang='lat' dir='ltr'>vim</span> <span class='ocrx_word' id='word_1_278' title='bbox 1609 2027 1742 2061; x_wconf 84' lang='lat' dir='ltr'>habere</span> 
     </span>
     <span class='ocr_line' id='line_1_29' title="bbox 50 2087 1743 2139; baseline -0.001 -17"><span class='ocrx_word' id='word_1_279' title='bbox 50 2088 200 2131; x_wconf 70' lang='lat' dir='ltr'>volunt,</span> <span class='ocrx_word' id='word_1_280' title='bbox 227 2089 264 2123; x_wconf 90' lang='lat' dir='ltr'>in</span> <span class='ocrx_word' id='word_1_281' title='bbox 291 2089 445 2124; x_wconf 86' lang='lat' dir='ltr'>molestis</span> <span class='ocrx_word' id='word_1_282' title='bbox 474 2098 592 2124; x_wconf 89' lang='lat' dir='ltr'>autem</span> <span class='ocrx_word' id='word_1_283' title='bbox 619 2089 806 2139; x_wconf 88' lang='lat' dir='ltr'>repudiare</span> <span class='ocrx_word' id='word_1_284' title='bbox 841 2097 1014 2136; x_wconf 87' lang='lat' dir='ltr'>satagunt.</span> <span class='ocrx_word' id='word_1_285' title='bbox 1043 2088 1155 2137; x_wconf 79' lang='lat' dir='ltr'>Atqui</span> <span class='ocrx_word' id='word_1_286' title='bbox 1183 2089 1218 2123; x_wconf 91' lang='lat' dir='ltr'>in</span> <span class='ocrx_word' id='word_1_287' title='bbox 1249 2088 1385 2124; x_wconf 89' lang='lat' dir='ltr'>cunctis</span> <span class='ocrx_word' id='word_1_288' title='bbox 1414 2087 1510 2122; x_wconf 89' lang='lat' dir='ltr'>idem</span> <span class='ocrx_word' id='word_1_289' title='bbox 1539 2087 1743 2122; x_wconf 82' lang='lat' dir='ltr'>subiectum</span> 
     </span>
     <span class='ocr_line' id='line_1_30' title="bbox 55 2148 1742 2199; baseline 0 -16"><span class='ocrx_word' id='word_1_290' title='bbox 55 2157 125 2191; x_wconf 89' lang='lat' dir='ltr'>est,</span> <span class='ocrx_word' id='word_1_291' title='bbox 153 2163 217 2198; x_wconf 89' lang='lat' dir='ltr'>par</span> <span class='ocrx_word' id='word_1_292' title='bbox 243 2150 412 2198; x_wconf 87' lang='lat' dir='ltr'>temporis</span> <span class='ocrx_word' id='word_1_293' title='bbox 440 2164 582 2194; x_wconf 79' lang='lat' dir='ltr'>cui·SUS‚</span> <span class='ocrx_word' id='word_1_294' title='bbox 609 2151 798 2186; x_wconf 88' lang='lat' dir='ltr'>auctoritas</span> <span class='ocrx_word' id='word_1_295' title='bbox 826 2150 956 2186; x_wconf 90' lang='lat' dir='ltr'>eadem.</span> <span class='ocrx_word' id='word_1_296' title='bbox 987 2149 1058 2185; x_wconf 86' lang='lat' dir='ltr'>Sed</span> <span class='ocrx_word' id='word_1_297' title='bbox 1085 2150 1170 2199; x_wconf 89' lang='lat' dir='ltr'>qnid</span> <span class='ocrx_word' id='word_1_298' title='bbox 1199 2150 1371 2198; x_wconf 89' lang='lat' dir='ltr'>quispiam</span> <span class='ocrx_word' id='word_1_299' title='bbox 1399 2149 1491 2184; x_wconf 87' lang='lat' dir='ltr'>dicat</span> <span class='ocrx_word' id='word_1_300' title='bbox 1516 2148 1742 2191; x_wconf 84' lang='lat' dir='ltr'>hominibus,</span> 
     </span>
     <span class='ocr_line' id='line_1_31' title="bbox 54 2209 1742 2261; baseline -0.001 -16"><span class='ocrx_word' id='word_1_301' title='bbox 54 2210 116 2259; x_wconf 91' lang='lat' dir='ltr'>qui</span> <span class='ocrx_word' id='word_1_302' title='bbox 136 2224 253 2259; x_wconf 88' lang='lat' dir='ltr'>neque</span> <span class='ocrx_word' id='word_1_303' title='bbox 275 2211 377 2246; x_wconf 82' lang='lat' dir='ltr'>factis</span> <span class='ocrx_word' id='word_1_304' title='bbox 398 2225 512 2260; x_wconf 89' lang='lat' dir='ltr'>neque</span> <span class='ocrx_word' id='word_1_305' title='bbox 534 2211 647 2246; x_wconf 79' lang='lat' dir='ltr'>verbis</span> <span class='ocrx_word' id='word_1_306' title='bbox 669 2212 841 2255; x_wconf 84' lang='lat' dir='ltr'>credunt,</span> <span class='ocrx_word' id='word_1_307' title='bbox 859 2226 927 2248; x_wconf 89' lang='lat' dir='ltr'>nec</span> <span class='ocrx_word' id='word_1_308' title='bbox 946 2212 1034 2261; x_wconf 91' lang='lat' dir='ltr'>quid</span> <span class='ocrx_word' id='word_1_309' title='bbox 1055 2212 1247 2261; x_wconf 88' lang='lat' dir='ltr'>loquantur</span> <span class='ocrx_word' id='word_1_310' title='bbox 1265 2211 1317 2246; x_wconf 84' lang='lat' dir='ltr'>vel</span> <span class='ocrx_word' id='word_1_311' title='bbox 1334 2211 1419 2259; x_wconf 85' lang='lat' dir='ltr'>quid</span> <span class='ocrx_word' id='word_1_312' title='bbox 1439 2210 1583 2246; x_wconf 83' lang='lat' dir='ltr'>audiant</span> <span class='ocrx_word' id='word_1_313' title='bbox 1604 2209 1742 2252; x_wconf 81' lang='lat' dir='ltr'>sciunt,</span> 
     </span>
     <span class='ocr_line' id='line_1_32' title="bbox 53 2271 1743 2322; baseline 0 -16"><span class='ocrx_word' id='word_1_314' title='bbox 53 2280 87 2306; x_wconf 89' lang='lat' dir='ltr'>et</span> <span class='ocrx_word' id='word_1_315' title='bbox 108 2271 150 2307; x_wconf 89' lang='lat' dir='ltr'>de</span> <span class='ocrx_word' id='word_1_316' title='bbox 179 2286 241 2307; x_wconf 87' lang='lat' dir='ltr'>sua</span> <span class='ocrx_word' id='word_1_317' title='bbox 267 2272 378 2308; x_wconf 90' lang='lat' dir='ltr'>salute</span> <span class='ocrx_word' id='word_1_318' title='bbox 408 2273 620 2322; x_wconf 73' lang='lat' dir='ltr'>desperant?</span> <span class='ocrx_word' id='word_1_319' title='bbox 647 2273 893 2310; x_wconf 78' lang='lat' dir='ltr'>Nihilominus</span> <span class='ocrx_word' id='word_1_320' title='bbox 916 2274 1075 2310; x_wconf 78' lang='lat' dir='ltr'>veritatis</span> <span class='ocrx_word' id='word_1_321' title='bbox 1105 2287 1217 2309; x_wconf 85' lang='lat' dir='ltr'>sermo</span> <span class='ocrx_word' id='word_1_322' title='bbox 1246 2273 1376 2309; x_wconf 86' lang='lat' dir='ltr'>fiducia</span> <span class='ocrx_word' id='word_1_323' title='bbox 1396 2287 1467 2308; x_wconf 87' lang='lat' dir='ltr'>non</span> <span class='ocrx_word' id='word_1_324' title='bbox 1490 2281 1591 2308; x_wconf 89' lang='lat' dir='ltr'>caret.</span> <span class='ocrx_word' id='word_1_325' title='bbox 1619 2271 1743 2307; x_wconf 91' lang='lat' dir='ltr'>Primo</span> 
     </span>
     <span class='ocr_line' id='line_1_33' title="bbox 52 2332 1744 2383; baseline 0.001 -17"><span class='ocrx_word' id='word_1_326' title='bbox 52 2333 170 2381; x_wconf 86' lang='lat' dir='ltr'>itaque</span> <span class='ocrx_word' id='word_1_327' title='bbox 192 2346 334 2368; x_wconf 90' lang='lat' dir='ltr'>monere</span> <span class='ocrx_word' id='word_1_328' title='bbox 357 2333 503 2381; x_wconf 84' lang='lat' dir='ltr'>dignum</span> <span class='ocrx_word' id='word_1_329' title='bbox 525 2343 599 2377; x_wconf 85' lang='lat' dir='ltr'>est,</span> <span class='ocrx_word' id='word_1_330' title='bbox 621 2348 749 2383; x_wconf 87' lang='lat' dir='ltr'>nempe</span> <span class='ocrx_word' id='word_1_331' title='bbox 770 2335 813 2369; x_wconf 90' lang='lat' dir='ltr'>ad</span> <span class='ocrx_word' id='word_1_332' title='bbox 836 2349 875 2370; x_wconf 90' lang='lat' dir='ltr'>ea</span> <span class='ocrx_word' id='word_1_333' title='bbox 896 2335 1046 2370; x_wconf 78' lang='lat' dir='ltr'>maxime</span> <span class='ocrx_word' id='word_1_334' title='bbox 1069 2349 1158 2383; x_wconf 90' lang='lat' dir='ltr'>quae</span> <span class='ocrx_word' id='word_1_335' title='bbox 1182 2335 1224 2369; x_wconf 89' lang='lat' dir='ltr'>de</span> <span class='ocrx_word' id='word_1_336' title='bbox 1246 2333 1322 2369; x_wconf 90' lang='lat' dir='ltr'>Deo</span> <span class='ocrx_word' id='word_1_337' title='bbox 1345 2334 1515 2369; x_wconf 83' lang='lat' dir='ltr'>dicuntur</span> <span class='ocrx_word' id='word_1_338' title='bbox 1537 2342 1572 2368; x_wconf 88' lang='lat' dir='ltr'>et</span> <span class='ocrx_word' id='word_1_339' title='bbox 1593 2332 1744 2368; x_wconf 87' lang='lat' dir='ltr'>audiun-</span> 
     </span>
     <span class='ocr_line' id='line_1_34' title="bbox 52 2393 1743 2444; baseline 0.001 -16"><span class='ocrx_word' id='word_1_340' title='bbox 52 2401 132 2436; x_wconf 89' lang='lat' dir='ltr'>tur,</span> <span class='ocrx_word' id='word_1_341' title='bbox 154 2393 272 2429; x_wconf 87' lang='lat' dir='ltr'>debita</span> <span class='ocrx_word' id='word_1_342' title='bbox 295 2407 376 2429; x_wconf 90' lang='lat' dir='ltr'>cum</span> <span class='ocrx_word' id='word_1_343' title='bbox 395 2395 593 2430; x_wconf 79' lang='lat' dir='ltr'>reverentia</span> <span class='ocrx_word' id='word_1_344' title='bbox 616 2409 688 2430; x_wconf 87' lang='lat' dir='ltr'>esse</span> <span class='ocrx_word' id='word_1_345' title='bbox 709 2395 972 2439; x_wconf 89' lang='lat' dir='ltr'>accedendum,</span> <span class='ocrx_word' id='word_1_346' title='bbox 994 2396 1186 2444; x_wconf 88' lang='lat' dir='ltr'>divinoque</span> <span class='ocrx_word' id='word_1_347' title='bbox 1216 2396 1339 2430; x_wconf 86' lang='lat' dir='ltr'>timore</span> <span class='ocrx_word' id='word_1_348' title='bbox 1368 2395 1573 2430; x_wconf 83' lang='lat' dir='ltr'>instructos.</span> <span class='ocrx_word' id='word_1_349' title='bbox 1601 2393 1743 2429; x_wconf 88' lang='lat' dir='ltr'>Deinde</span> 
     </span>
     <span class='ocr_line' id='line_1_35' title="bbox 55 2454 1743 2504; baseline 0.001 -15"><span class='ocrx_word' id='word_1_350' title='bbox 55 2463 218 2503; x_wconf 88' lang='lat' dir='ltr'>oportere</span> <span class='ocrx_word' id='word_1_351' title='bbox 247 2455 284 2489; x_wconf 90' lang='lat' dir='ltr'>in</span> <span class='ocrx_word' id='word_1_352' title='bbox 311 2454 365 2490; x_wconf 86' lang='lat' dir='ltr'>his</span> <span class='ocrx_word' id='word_1_353' title='bbox 393 2455 447 2490; x_wconf 90' lang='lat' dir='ltr'>uti</span> <span class='ocrx_word' id='word_1_354' title='bbox 475 2455 568 2491; x_wconf 88' lang='lat' dir='ltr'>duce</span> <span class='ocrx_word' id='word_1_355' title='bbox 592 2456 680 2499; x_wconf 87' lang='lat' dir='ltr'>fide,</span> <span class='ocrx_word' id='word_1_356' title='bbox 700 2456 873 2491; x_wconf 88' lang='lat' dir='ltr'>honorem</span> <span class='ocrx_word' id='word_1_357' title='bbox 899 2456 983 2492; x_wconf 87' lang='lat' dir='ltr'>fidei</span> <span class='ocrx_word' id='word_1_358' title='bbox 1009 2457 1159 2499; x_wconf 80' lang='lat' dir='ltr'>habere,</span> <span class='ocrx_word' id='word_1_359' title='bbox 1183 2470 1329 2504; x_wconf 84' lang='lat' dir='ltr'>eamque</span> <span class='ocrx_word' id='word_1_360' title='bbox 1357 2455 1480 2490; x_wconf 86' lang='lat' dir='ltr'>animis</span> <span class='ocrx_word' id='word_1_361' title='bbox 1509 2455 1684 2498; x_wconf 80' lang='lat' dir='ltr'>inserere,</span> <span class='ocrx_word' id='word_1_362' title='bbox 1708 2463 1743 2490; x_wconf 87' lang='lat' dir='ltr'>et</span> 
     </span>
     <span class='ocr_line' id='line_1_36' title="bbox 56 2515 1744 2566; baseline 0.001 -15"><span class='ocrx_word' id='word_1_363' title='bbox 56 2529 138 2551; x_wconf 88' lang='lat' dir='ltr'>cum</span> <span class='ocrx_word' id='word_1_364' title='bbox 159 2515 372 2552; x_wconf 86' lang='lat' dir='ltr'>rectitudine</span> <span class='ocrx_word' id='word_1_365' title='bbox 395 2517 511 2552; x_wconf 89' lang='lat' dir='ltr'>cordis</span> <span class='ocrx_word' id='word_1_366' title='bbox 533 2517 730 2552; x_wconf 87' lang='lat' dir='ltr'>doctrinam</span> <span class='ocrx_word' id='word_1_367' title='bbox 752 2518 845 2553; x_wconf 89' lang='lat' dir='ltr'>circa</span> <span class='ocrx_word' id='word_1_368' title='bbox 864 2518 926 2552; x_wconf 88' lang='lat' dir='ltr'>has</span> <span class='ocrx_word' id='word_1_369' title='bbox 947 2531 1002 2552; x_wconf 88' lang='lat' dir='ltr'>res</span> <span class='ocrx_word' id='word_1_370' title='bbox 1031 2517 1192 2566; x_wconf 83' lang='lat' dir='ltr'>excipere</span> <span class='ocrx_word' id='word_1_371' title='bbox 1206 2546 1214 2560; x_wconf 78' lang='lat'>,</span> <span class='ocrx_word' id='word_1_372' title='bbox 1234 2517 1394 2552; x_wconf 80' lang='lat' dir='ltr'>sutilibus</span> <span class='ocrx_word' id='word_1_373' title='bbox 1417 2517 1616 2566; x_wconf 87' lang='lat' dir='ltr'>ineptisque</span> <span class='ocrx_word' id='word_1_374' title='bbox 1640 2531 1744 2565; x_wconf 87' lang='lat' dir='ltr'>quae—</span> 
     </span>
     <span class='ocr_line' id='line_1_37' title="bbox 55 2576 1742 2627; baseline 0.001 -16"><span class='ocrx_word' id='word_1_375' title='bbox 55 2576 228 2612; x_wconf 88' lang='lat' dir='ltr'>stionibus</span> <span class='ocrx_word' id='word_1_376' title='bbox 250 2577 428 2613; x_wconf 83' lang='lat' dir='ltr'>abstinere</span> <span class='ocrx_word' id='word_1_377' title='bbox 442 2606 450 2622; x_wconf 90' lang='lat'>,</span> <span class='ocrx_word' id='word_1_378' title='bbox 472 2578 585 2613; x_wconf 87' lang='lat' dir='ltr'>aniles</span> <span class='ocrx_word' id='word_1_379' title='bbox 606 2578 739 2613; x_wconf 84' lang='lat' dir='ltr'>fabulas</span> <span class='ocrx_word' id='word_1_380' title='bbox 764 2579 983 2627; x_wconf 81' lang='lat' dir='ltr'>profanaque</span> <span class='ocrx_word' id='word_1_381' title='bbox 1006 2587 1039 2613; x_wconf 90' lang='lat' dir='ltr'>et</span> <span class='ocrx_word' id='word_1_382' title='bbox 1065 2592 1153 2613; x_wconf 68' lang='lat' dir='ltr'>vana</span> <span class='ocrx_word' id='word_1_383' title='bbox 1174 2578 1343 2613; x_wconf 76' lang='lat' dir='ltr'>vocabula</span> <span class='ocrx_word' id='word_1_384' title='bbox 1364 2578 1507 2613; x_wconf 87' lang='lat' dir='ltr'>omnino</span> <span class='ocrx_word' id='word_1_385' title='bbox 1535 2577 1719 2626; x_wconf 87' lang='lat' dir='ltr'>repudiare</span> <span class='ocrx_word' id='word_1_386' title='bbox 1733 2606 1742 2620; x_wconf 87' lang='lat'>,</span> 
     </span>
    </p>
   </div>
   <div class='ocr_carea' id='block_1_5' title="bbox 55 2637 1787 2688">
    <p class='ocr_par' dir='ltr' id='par_1_6' title="bbox 55 2637 1787 2688">
     <span class='ocr_line' id='line_1_38' title="bbox 55 2637 1787 2688; baseline 0 -17"><span class='ocrx_word' id='word_1_387' title='bbox 55 2649 171 2684; x_wconf 88' lang='lat' dir='ltr'>neque</span> <span class='ocrx_word' id='word_1_388' title='bbox 195 2637 405 2685; x_wconf 83' lang='lat' dir='ltr'>genealogiis</span> <span class='ocrx_word' id='word_1_389' title='bbox 427 2637 666 2674; x_wconf 88' lang='lat' dir='ltr'>interminatis</span> <span class='ocrx_word' id='word_1_390' title='bbox 687 2639 898 2682; x_wconf 86' lang='lat' dir='ltr'>adtendere,</span> <span class='ocrx_word' id='word_1_391' title='bbox 920 2647 1025 2688; x_wconf 88' lang='lat' dir='ltr'>prout</span> <span class='ocrx_word' id='word_1_392' title='bbox 1046 2653 1162 2674; x_wconf 86' lang='lat' dir='ltr'>sacrae</span> <span class='ocrx_word' id='word_1_393' title='bbox 1179 2639 1313 2674; x_wconf 88' lang='lat' dir='ltr'>litterae</span> <span class='ocrx_word' id='word_1_394' title='bbox 1331 2638 1463 2674; x_wconf 89' lang='lat' dir='ltr'>docent</span> <span class='ocrx_word' id='word_1_395' title='bbox 1478 2640 1514 2682; x_wconf 35' lang='grc' dir='ltr'>ᾗ,</span> <span class='ocrx_word' id='word_1_396' title='bbox 1534 2652 1624 2687; x_wconf 88' lang='lat' dir='ltr'>quae</span> <span class='ocrx_word' id='word_1_397' title='bbox 1641 2651 1743 2686; x_wconf 79' lang='lat' dir='ltr'>quae·</span> <span class='ocrx_word' id='word_1_398' title='bbox 1777 2650 1787 2661; x_wconf 73' lang='lat'>⁸</span> 
     </span>
    </p>
   </div>
   <div class='ocr_carea' id='block_1_6' title="bbox 56 2695 1741 2749">
    <p class='ocr_par' dir='ltr' id='par_1_7' title="bbox 56 2695 1741 2749">
     <span class='ocr_line' id='line_1_39' title="bbox 56 2695 1741 2749; baseline 0.001 -19"><span class='ocrx_word' id='word_1_399' title='bbox 56 2695 184 2731; x_wconf 87' lang='lat' dir='ltr'>stiones</span> <span class='ocrx_word' id='word_1_400' title='bbox 211 2706 385 2746; x_wconf 86' lang='lat' dir='ltr'>praestant</span> <span class='ocrx_word' id='word_1_401' title='bbox 410 2699 540 2747; x_wconf 87' lang='lat' dir='ltr'>magis,</span> <span class='ocrx_word' id='word_1_402' title='bbox 562 2713 668 2749; x_wconf 90' lang='lat' dir='ltr'>quam</span> <span class='ocrx_word' id='word_1_403' title='bbox 694 2698 764 2734; x_wconf 88' lang='lat' dir='ltr'>Dei</span> <span class='ocrx_word' id='word_1_404' title='bbox 793 2699 1036 2735; x_wconf 89' lang='lat' dir='ltr'>oeconomiam</span> <span class='ocrx_word' id='word_1_405' title='bbox 1065 2701 1114 2748; x_wconf 88' lang='lat'>(1)</span> <span class='ocrx_word' id='word_1_406' title='bbox 1145 2714 1233 2749; x_wconf 87' lang='lat' dir='ltr'>quae</span> <span class='ocrx_word' id='word_1_407' title='bbox 1263 2709 1315 2735; x_wconf 86' lang='lat' dir='ltr'>est</span> <span class='ocrx_word' id='word_1_408' title='bbox 1341 2700 1379 2735; x_wconf 86' lang='lat' dir='ltr'>in</span> <span class='ocrx_word' id='word_1_409' title='bbox 1408 2699 1495 2736; x_wconf 81' lang='lat' dir='ltr'>fide:</span> <span class='ocrx_word' id='word_1_410' title='bbox 1519 2713 1635 2748; x_wconf 86' lang='lat' dir='ltr'>neque</span> <span class='ocrx_word' id='word_1_411' title='bbox 1658 2699 1741 2732; x_wconf 63' lang='lat' dir='ltr'>item</span> 
     </span>
    </p>
   </div>
   <div class='ocr_carea' id='block_1_7' title="bbox 54 2805 1742 2935">
    <p class='ocr_par' dir='ltr' id='par_1_8' title="bbox 54 2805 1742 2935">
     <span class='ocr_line' id='line_1_40' title="bbox 136 2805 1742 2845; baseline 0.001 -14"><span class='ocrx_word' id='word_1_412' title='bbox 136 2807 171 2837; x_wconf 81' lang='grc' dir='ltr'>(ί)</span> <span class='ocrx_word' id='word_1_413' title='bbox 191 2805 310 2834; x_wconf 75' lang='lat' dir='ltr'>Graecus</span> <span class='ocrx_word' id='word_1_414' title='bbox 328 2807 473 2843; x_wconf 79' lang='lat' dir='ltr'>Nicephori</span> <span class='ocrx_word' id='word_1_415' title='bbox 498 2807 581 2835; x_wconf 65' lang='lat' dir='ltr'>codex</span> <span class='ocrx_word' id='word_1_416' title='bbox 600 2816 693 2844; x_wconf 83' lang='lat' dir='ltr'>reapse</span> <span class='ocrx_word' id='word_1_417' title='bbox 717 2808 801 2836; x_wconf 85' lang='lat' dir='ltr'>habet</span> <span class='ocrx_word' id='word_1_418' title='bbox 818 2816 876 2836; x_wconf 90' lang='lat' dir='ltr'>non</span> <span class='ocrx_word' id='word_1_419' title='bbox 895 2810 1030 2845; x_wconf 67' lang='grc' dir='ltr'>οἶκοδομήν</span> <span class='ocrx_word' id='word_1_420' title='bbox 1053 2809 1095 2836; x_wconf 75' lang='lat' dir='ltr'>vel</span> <span class='ocrx_word' id='word_1_421' title='bbox 1115 2810 1279 2845; x_wconf 67' lang='grc' dir='ltr'>οἰκοδομίαν,</span> <span class='ocrx_word' id='word_1_422' title='bbox 1298 2809 1347 2837; x_wconf 83' lang='lat' dir='ltr'>sed</span> <span class='ocrx_word' id='word_1_423' title='bbox 1368 2810 1526 2844; x_wconf 58' lang='grc' dir='ltr'>οἰκονομίαν,</span> <span class='ocrx_word' id='word_1_424' title='bbox 1547 2812 1577 2834; x_wconf 90' lang='lat' dir='ltr'>ut</span> <span class='ocrx_word' id='word_1_425' title='bbox 1596 2807 1640 2833; x_wconf 76' lang='lat' dir='ltr'>alii</span> <span class='ocrx_word' id='word_1_426' title='bbox 1661 2806 1742 2833; x_wconf 68' lang='lat' dir='ltr'>multi</span> 
     </span>
     <span class='ocr_line' id='line_1_41' title="bbox 56 2847 1740 2890; baseline 0.002 -15"><span class='ocrx_word' id='word_1_427' title='bbox 56 2847 164 2875; x_wconf 75' lang='lat' dir='ltr'>codices</span> <span class='ocrx_word' id='word_1_428' title='bbox 178 2850 360 2887; x_wconf 86' lang='lat' dir='ltr'>nonnullique</span> <span class='ocrx_word' id='word_1_429' title='bbox 374 2856 464 2887; x_wconf 84' lang='lat' dir='ltr'>patres</span> <span class='ocrx_word' id='word_1_430' title='bbox 479 2857 634 2888; x_wconf 80' lang='lat' dir='ltr'>veteresque</span> <span class='ocrx_word' id='word_1_431' title='bbox 647 2853 856 2887; x_wconf 77' lang='lat' dir='ltr'>translationes3</span> <span class='ocrx_word' id='word_1_432' title='bbox 872 2862 1039 2890; x_wconf 85' lang='lat' dir='ltr'>quamquam</span> <span class='ocrx_word' id='word_1_433' title='bbox 1055 2859 1082 2882; x_wconf 88' lang='lat' dir='ltr'>et</span> <span class='ocrx_word' id='word_1_434' title='bbox 1095 2854 1144 2882; x_wconf 83' lang='lat' dir='ltr'>illa</span> <span class='ocrx_word' id='word_1_435' title='bbox 1159 2855 1235 2890; x_wconf 87' lang='lat' dir='ltr'>prior</span> <span class='ocrx_word' id='word_1_436' title='bbox 1251 2854 1403 2890; x_wconf 86' lang='lat' dir='ltr'>permultos</span> <span class='ocrx_word' id='word_1_437' title='bbox 1420 2853 1503 2881; x_wconf 87' lang='lat' dir='ltr'>hahet</span> <span class='ocrx_word' id='word_1_438' title='bbox 1520 2851 1740 2885; x_wconf 82' lang='lat' dir='ltr'>adstipulatores.</span> 
     </span>
     <span class='ocr_line' id='line_1_42' title="bbox 54 2892 1693 2935; baseline 0.002 -15"><span class='ocrx_word' id='word_1_439' title='bbox 54 2892 124 2924; x_wconf 71' lang='lat' dir='ltr'>,vide</span> <span class='ocrx_word' id='word_1_440' title='bbox 141 2893 383 2923; x_wconf 74' lang='lat' dir='ltr'>Rosenmtmerum</span> <span class='ocrx_word' id='word_1_441' title='bbox 402 2895 437 2923; x_wconf 84' lang='lat' dir='ltr'>ad</span> <span class='ocrx_word' id='word_1_442' title='bbox 455 2896 561 2925; x_wconf 82' lang='lat' dir='ltr'>dictum</span> <span class='ocrx_word' id='word_1_443' title='bbox 579 2897 659 2925; x_wconf 81' lang='lat' dir='ltr'>Pauli</span> <span class='ocrx_word' id='word_1_444' title='bbox 677 2897 784 2932; x_wconf 82' lang='lat' dir='ltr'>locum,</span> <span class='ocrx_word' id='word_1_445' title='bbox 804 2898 852 2934; x_wconf 86' lang='lat' dir='ltr'>qui</span> <span class='ocrx_word' id='word_1_446' title='bbox 871 2900 969 2927; x_wconf 75' lang='lat' dir='ltr'>merito</span> <span class='ocrx_word' id='word_1_447' title='bbox 988 2898 1127 2935; x_wconf 79' lang='lat' dir='ltr'>vulgatam</span> <span class='ocrx_word' id='word_1_448' title='bbox 1146 2904 1288 2933; x_wconf 73' lang='lat' dir='ltr'>nostram,</span> <span class='ocrx_word' id='word_1_449' title='bbox 1307 2898 1338 2927; x_wconf 82' lang='lat' dir='ltr'>id</span> <span class='ocrx_word' id='word_1_450' title='bbox 1356 2902 1397 2927; x_wconf 83' lang='lat' dir='ltr'>est</span> <span class='ocrx_word' id='word_1_451' title='bbox 1415 2898 1547 2934; x_wconf 72' lang='lat' dir='ltr'>priorem,</span> <span class='ocrx_word' id='word_1_452' title='bbox 1568 2894 1693 2929; x_wconf 47' lang='lat' dir='ltr'>pra-*fest</span> 
     </span>
    </p>
   </div>
   <div class='ocr_carea' id='block_1_8' title="bbox 1769 939 1977 1054">
    <p class='ocr_par' dir='ltr' id='par_1_9' title="bbox 1769 939 1977 1054">
     <span class='ocr_line' id='line_1_43' title="bbox 1769 939 1966 960; baseline 0.005 -1"><span class='ocrx_word' id='word_1_453' title='bbox 1769 939 1778 949; x_wconf 73' lang='grc'>’</span> <span class='ocrx_word' id='word_1_454' title='bbox 1795 939 1810 959; x_wconf 85' lang='lat' dir='ltr'>l.</span> <span class='ocrx_word' id='word_1_455' title='bbox 1828 939 1917 960; x_wconf 76' lang='lat' dir='ltr'>Tim.1.</span> <span class='ocrx_word' id='word_1_456' title='bbox 1936 942 1966 960; x_wconf 66' lang='lat'>10.</span> 
     </span>
     <span class='ocr_line' id='line_1_44' title="bbox 1771 992 1977 1013; baseline 0.005 -1"><span class='ocrx_word' id='word_1_457' title='bbox 1771 992 1779 1003; x_wconf 85' lang='grc'><strong><em>’</em></strong></span> <span class='ocrx_word' id='word_1_458' title='bbox 1796 992 1812 1012; x_wconf 73' lang='grc' dir='ltr'>Ι,</span> <span class='ocrx_word' id='word_1_459' title='bbox 1828 992 1887 1012; x_wconf 63' lang='lat' dir='ltr'>&#39;tim</span> <span class='ocrx_word' id='word_1_460' title='bbox 1906 992 1941 1012; x_wconf 65' lang='lat' dir='ltr'>Vl.</span> <span class='ocrx_word' id='word_1_461' title='bbox 1960 996 1977 1013; x_wconf 74' lang='lat' dir='ltr'>t.</span> 
     </span>
     <span class='ocr_line' id='line_1_45' title="bbox 1770 1021 1967 1054; baseline 0.005 -11"><span class='ocrx_word' id='word_1_462' title='bbox 1770 1026 1780 1033; x_wconf 74' lang='lat'>³</span> <span class='ocrx_word' id='word_1_463' title='bbox 1796 1029 1830 1047; x_wconf 71' lang='grc' dir='ltr'>ξιτ.</span> <span class='ocrx_word' id='word_1_464' title='bbox 1847 1031 1900 1054; x_wconf 65' lang='grc' dir='ltr'>περι</span> <span class='ocrx_word' id='word_1_465' title='bbox 1925 1021 1967 1054; x_wconf 58' lang='lat' dir='ltr'>&#39;gq-</span> 
     </span>
    </p>
   </div>
   <div class='ocr_carea' id='block_1_9' title="bbox 1772 1067 1867 1085">
    <p class='ocr_par' dir='ltr' id='par_1_10' title="bbox 1772 1067 1867 1085">
     <span class='ocr_line' id='line_1_46' title="bbox 1772 1067 1867 1085; baseline 0.011 -5"><span class='ocrx_word' id='word_1_466' title='bbox 1772 1067 1867 1085; x_wconf 60' lang='lat' dir='ltr'>rata-515.</span> 
     </span>
    </p>
   </div>
  </div>
 </body>
</html>
