2203 3331
568 174 733 196 Affi'ffltssss
760 171 1004 195 coxsuxnxcn
1030 170 1264 192 coruoxmum.
1719 159 1763 193 55

76 240 210 275 tionem
236 232 478 271 adtribuebat:
498 239 606 278 atque
629 229 677 264 ita
700 229 1001 264 cont'usancorum
1021 234 1056 259 et
1076 224 1282 259 docetarum
1304 225 1499 268 tramitem,
1521 225 1765 272 magistrorum

80 310 244 339 suorum,
268 292 395 331 sectari
416 305 496 327 eum
516 299 664 339 apparet.
695 289 799 324 Sicut
821 287 916 323 enim
937 286 989 321 illi
1010 284 1213 320 dualitatem
1234 286 1373 319 numeri
1401 285 1590 332 irreligiose
1620 286 1766 320 malitio-

82 374 187 408 seque
216 355 414 404 arripiunt,
439 365 543 401 quam
570 364 673 386 verae
701 347 874 395 religionis
898 354 1088 394 rectaeque
1117 345 1300 380 doctrinae
1330 345 1530 380 defensores
1558 347 1600 381 dc
1630 347 1765 381 duabus

80 419 216 456 naturis
236 416 291 465 pie
314 414 522 453 adfirmant:
544 420 649 460 atquc
671 411 761 444 hanc
782 406 910 442 deinde
939 405 1147 441 dualitatem
1176 419 1240 440 ceu
1269 404 1478 440 dividendae
1504 406 1635 441 Christi
1661 408 1765 455 hypo-

81 491 213 517 staseos
236 489 375 513 causam
395 473 623 522 producunt,
644 479 682 506 ut
706 470 758 504 vel
780 469 868 504 duas
890 480 1054 516 personas
1077 467 1122 502 ob
1145 475 1286 501 naturas
1309 465 1496 509 invehant,
1518 468 1569 502 vel
1592 469 1635 502 ob
1657 482 1765 503 unam

80 552 262 592 personam
284 537 423 573 unicam
443 533 636 570 necessario
658 539 819 566 naturam
845 537 1019 575 statuant3
1040 527 1085 563 ita
1113 528 1216 562 etiam
1236 527 1293 562 hic
1316 535 1434 561 noster
1463 527 1767 578 incircumscripti

82 602 273 637 adhaerens
293 597 463 633 vocabulo
478 624 486 638 ,
507 595 648 630 videtur
669 591 820 638 graviter
841 590 1137 637 vehementerque
1163 588 1306 631 conari,
1328 597 1367 623 ut
1387 588 1440 622 vel
1462 602 1524 636 per
1546 589 1612 623 hoc
1637 589 1767 625 Christi

81 661 293 712 hypostasim
320 658 475 700 dividat,
497 655 548 690 vel
570 653 673 688 etiam
694 651 852 686 Verbum
875 664 956 686 cum
980 664 1085 686 carne
1114 649 1389 685 circumscribat.
1418 648 1510 684 Nam
1534 663 1621 697 quac
1651 650 1767 693 addit,

82 723 131 757 ita
159 736 196 757 se
222 721 364 755 habent.

185 784 246 829 4¹·
279 786 326 826 <P
352 778 423 813 Sed
443 776 496 810 vel
517 774 685 809 deitatem
705 773 841 821 pariter
864 770 1106 807 circumscribi
1128 771 1297 806 usuvenit
1319 770 1353 805 in
1375 769 1433 804 illa
1453 770 1555 804 icone
1569 798 1577 812 ,
1599 779 1769 818 quatenus

89 850 136 889 (ἦ)
170 841 331 877 Christus
353 852 393 873 ex
415 835 621 883 duplicitate
652 834 789 879 existitj,
813 833 867 868 vel
893 832 1090 881 simplicem
1117 831 1364 867 tantummodo
1385 831 1565 866 hominem
1589 829 1770 865 Christum

88 909 136 948 02-‘2
167 900 335 947 intelligi,
357 906 460 945 atque
489 897 536 931 ita
565 909 645 930 eum
675 894 838 941 [igurarig
862 902 1037 942 quatenus
1064 893 1169 936 icon,
1193 901 1245 928 est
1273 906 1442 941 personae
1471 892 1573 938 icon;
1598 900 1633 926 et
1661 892 1771 926 deitas

89 969 137 1008 (ᾖ)
168 971 219 997 est
245 957 561 1005 incircumscripta.
594 961 641 1000 <519
673 955 864 1001 Quomodo
894 955 960 990 hoc
988 954 1099 990 dicit?
1128 954 1198 989 sive
1226 953 1261 988 id
1290 953 1473 1000 negotium
1500 952 1700 987 naturaliter
1728 953 1774 987 ita

86 1038 120 1058 se
150 1023 295 1063 habeat,
316 1019 385 1054 sive
415 1032 523 1053 secus.
554 1016 626 1052 Sed
655 1017 750 1051 enim
778 1017 884 1057 haec,
905 1023 1013 1063 prout
1041 1028 1123 1050 suae
1151 1014 1249 1049 lubet
1277 1013 1468 1056 stultitiae,
1490 1013 1673 1061 tyrannice
1698 1027 1774 1061 pro·

85 1083 253 1125 nunciat,
274 1080 373 1115 nullo
401 1087 610 1126 argumento
638 1077 774 1111 veritati
803 1078 939 1110 favente
960 1084 1074 1111 utens.
1102 1075 1134 1109 A
1154 1075 1260 1110 nobis
1284 1083 1401 1109 autem
1425 1074 1530 1122 paulo
1559 1075 1663 1109 etiam
1683 1082 1774 1108 retro

84 1143 128 1178 de
156 1143 219 1177 hac
241 1156 278 1176 re
299 1154 380 1175 vere
403 1139 542 1174 dictum
563 1138 631 1172 fuit
646 1165 653 1179 ,
676 1150 802 1185 nempe
823 1136 919 1185 quod
939 1135 1103 1171 Verbum
1123 1135 1284 1170 divinum
1308 1143 1435 1170 natura
1458 1148 1519 1169 sua
1541 1134 1750 1182 impassibile
1766 1163 1774 1177 ,

86 1203 192 1238 etiam
215 1215 357 1249 corpore
379 1200 561 1246 adsumpto
576 1227 583 1241 ,
606 1198 833 1232 nihilominus
855 1197 1062 1245 impassibile
1084 1196 1234 1239 mansit,
1258 1204 1292 1231 et
1317 1196 1446 1230 horum
1468 1209 1557 1244 quae
1580 1196 1705 1229 frustra
1726 1195 1775 1228 di-

87 1264 280 1304 ctitantur,
305 1274 448 1309 prorsus
477 1273 607 1307 expers.
637 1257 745 1304 Quod
772 1272 871 1292 nunc
899 1271 1039 1306 quoque
1067 1257 1223 1292 breviter
1251 1265 1458 1305 repetemus.
1487 1255 1696 1291 Dicendum
1725 1264 1774 1290 est

89 1323 186 1358 enim
207 1336 281 1357 non
304 1321 408 1356 modo
433 1334 515 1355 cum
537 1319 806 1367 circumscripto
829 1332 974 1366 corpore
994 1317 1154 1352 Verbum
1174 1317 1267 1352 haud
1293 1316 1553 1359 circumscribi,
1576 1317 1637 1352 sed
1658 1331 1774 1365 neque

90 1385 127 1418 in
157 1384 230 1432 ipso
261 1396 403 1430 corpore
432 1381 580 1416 existens
603 1395 676 1415 esse
698 1379 1033 1427 circumscriptum,
1055 1379 1191 1413 etiamsi
1219 1392 1346 1426 corpus
1374 1378 1651 1413 sul,›stantialiter
1673 1385 1705 1412 et
1727 1378 1777 1411 in—

91 1443 330 1492 separabiliter
359 1442 475 1477 eidem
503 1441 709 1489 copulatum
737 1449 799 1476 est.
826 1439 947 1488 Atque
976 1440 1043 1474 hoc
1073 1439 1210 1474 nemini
1237 1439 1400 1486 ignotum
1427 1439 1600 1481 arbitror,
1630 1439 1657 1473 si
1685 1447 1776 1473 certe

93 1503 312 1539 credendum
335 1511 388 1537 est
409 1502 450 1536 iis
472 1502 531 1550 qui
553 1502 735 1549 negotium
754 1515 820 1536 nos
840 1501 1041 1536 docuerunt
1069 1500 1208 1534 divinae
1235 1499 1561 1534 condescensionis.
1591 1498 1778 1545 Quomodo

89 1565 187 1599 enim
212 1577 315 1598 verax
342 1563 464 1598 suisset
490 1576 635 1610 magnus
663 1562 860 1604 Iohannes,
882 1562 943 1610 qui
969 1561 1107 1596 veritati
1136 1560 1383 1596 testimonium
1409 1560 1569 1608 praebuit
1596 1560 1716 1595 dicens
1744 1562 1779 1596 *z

91 1632 114 1648 ‘'-
147 1624 284 1660 medius
310 1632 464 1658 vestrum
492 1623 610 1665 stetit,
632 1637 738 1671 quem
764 1637 823 1657 vos
851 1622 1021 1658 nescitis?
1045 1650 1068 1664 „
1090 1621 1189 1657 Num
1210 1621 1237 1656 is
1264 1621 1488 1669 corporaliter
1514 1621 1679 1656 nondum
1707 1635 1778 1656 esse

92 1692 312 1733 praesentem
342 1682 522 1718 Christum
552 1683 748 1718 innuebat?
778 1684 872 1718 Sane
899 1690 932 1717 et
960 1683 1033 1730 ipsa
1060 1682 1186 1717 veritas
1217 1681 1383 1717 Servator
1410 1683 1428 1702 '²¹‘
1450 1690 1472 1702 ⁴⁶
1498 1682 1593 1730 prius
1614 1695 1720 1730 quam
1745 1690 1778 1716 tc

97 1774 120 1788 „
148 1744 329 1792 Philippus
350 1753 506 1787 vocaret,
531 1757 613 1779 cum
635 1758 726 1778 esses
756 1743 819 1778 sub
841 1745 912 1779 ficu
933 1743 1003 1778 vidi
1028 1751 1060 1777 te
1085 1772 1108 1786 „
1131 1743 1368 1778 Nathanahcli
1390 1743 1538 1778 dicebat.
1560 1742 1654 1777 Tum
1678 1743 1781 1777 etiam

93 1819 174 1841 cum
201 1805 382 1853 discipulis
409 1804 531 1852 procul
552 1804 724 1839 Bethania
753 1805 980 1852 corporaliter
1008 1818 1170 1846 versans,
1193 1803 1316 1839 Lazari
1339 1804 1473 1839 obitum
1496 1804 1606 1852 palam
1634 1803 1780 1838 nuncia-

92 1867 150 1901 bat
176 1867 203 1901 ᾗ.
231 1865 277 1900 Ft
304 1866 456 1913 denique
485 1880 519 1900 se
549 1879 632 1899 cnm
659 1865 725 1899 illis
753 1867 917 1900 futurum
944 1874 1021 1913 post
1048 1865 1341 1900 resurrectionem
1366 1880 1476 1914 usquc
1500 1865 1540 1899 ad
1567 1878 1780 1899 consumma-

94 1927 231 1961 tionem
254 1926 387 1961 saeculi
415 1926 644 1974 promittebat
671 1928 698 1962 *ἦ

201 1986 310 2021 Plura
333 2000 542 2021 enumerare
565 1987 649 2035 quid
671 1987 844 2023 interest?
873 1987 945 2023 Ubi
967 1988 1102 2022 suerint
1123 1988 1195 2023 duo
1217 1988 1269 2022 vel
1292 1997 1360 2022 tres
1383 1987 1417 2021 in
1440 1987 1581 2021 nomim¹
1605 1986 1676 2020 cius
1701 1999 1781 2020 con-

98 2047 246 2094 gregati,
269 2047 339 2081 illic
361 2061 396 2081 se
419 2048 491 2081 sore
513 2047 549 2081 in
573 2047 685 2081 medio
709 2047 850 2082 illorum
871 2048 1018 2096 spondet
1045 2049 1071 2085 ἦ
1102 2048 1245 2096 Ubique
1271 2057 1388 2083 autem
1416 2046 1609 2081 Christiani
1640 2060 1782 2092 congre-

98 2116 246 2154 ganturg
270 2122 348 2154 ergo
376 2109 506 2157 ubique
530 2109 587 2143 ille
610 2109 742 2155 aderit3
764 2123 887 2157 nempe
909 2118 947 2144 ut
971 2110 1096 2158 cuique
1117 2110 1347 2158 'exploratum
1369 2117 1441 2147 est,
1463 2108 1659 2143 secundum
1687 2120 1783 2141 suam

99 2168 319 2203 ineffabilem
339 2183 570 2217 arcanamque
594 2178 774 2209 naturam,
799 2184 879 2205 cum
902 2185 971 2219 qua
998 2172 1016 2192 *³
1043 2171 1174 2219 ubique
1196 2179 1230 2205 et
1251 2184 1355 2218 super
1383 2169 1446 2203 ista
1472 2183 1546 2203 esse
1568 2167 1783 2214 intelligitur.

98 2229 192 2263 Nam
213 2239 247 2264 ct
269 2229 386 2264 divina
408 2230 547 2264 oracula
567 2230 698 2265 alicubi
719 2232 821 2266 aiunt
847 2233 883 2267 *ἢ
906 2245 1027 2266 nonne
1055 2232 1190 2267 caelum
1220 2240 1418 2279 terramque
1441 2244 1502 2276 ego
1532 2229 1657 2277 impleo
1672 2257 1680 2270 ,
1701 2227 1785 2262 dicit

99 2288 304 2325 Dominus?
326 2290 486 2338 Itemque
513 2292 550 2326 ³³³:
571 2290 670 2325 Deus
692 2292 907 2339 propinquus
935 2306 998 2339 ego
1019 2306 1118 2335 sum,
1140 2292 1224 2327 dicit
1244 2291 1421 2326 Dominus
1435 2319 1443 2333 ,
1466 2299 1500 2325 et
1521 2304 1594 2324 non
1618 2297 1783 2324 remotus.

100 2348 166 2391 Et,
187 2351 259 2397 quo
281 2351 339 2385 ibo
364 2351 490 2399 procul
514 2350 650 2398 Spiritu
673 2359 754 2393 tuo,
778 2360 811 2385 et
838 2366 907 2400 quo
935 2367 954 2387 a
980 2353 1068 2387 sacie
1092 2361 1153 2388 tua
1177 2352 1306 2399 fugiam
1332 2353 1375 2387 *P
1398 2351 1516 2399 Atque
1545 2352 1616 2398 ipse
1641 2350 1785 2399 quidem

101 2410 209 2445 rebus
239 2404 406 2446 omnibus
433 2412 552 2454 adest,
575 2411 668 2446 haud
699 2420 813 2446 tamen
839 2427 892 2447 res
918 2427 1035 2448 omnes
1060 2414 1091 2448 ei
1114 2413 1244 2448 adsunt
1269 2414 1318 2460 (Ι)
1335 2441 1343 2456 ,
1364 2413 1467 2447 aiunt
1493 2412 1652 2458 theologi.
1681 2411 1785 2446 Unde
1825 2404 1829 2410 Δ

102 2480 262 2519 apparet,
285 2486 366 2506 eum
394 2473 557 2507 omnibus
585 2473 749 2507 divinitus
778 2487 848 2508 esse
876 2484 1118 2522 praesentem,
1140 2488 1211 2509 non
1241 2482 1356 2508 tamen
1387 2473 1613 2522 corporaliter
1642 2486 1723 2508 cum
1744 2472 1785 2507 iis

105 2533 326 2580 congregatis
348 2534 478 2582 ubique
501 2534 618 2569 fuisse.
643 2533 785 2569 Etenim
810 2548 879 2569 nec
901 2543 977 2569 tum
997 2535 1135 2578 aderat,
1157 2535 1327 2583 quoniam
1346 2535 1509 2583 discipuli
1531 2535 1671 2570 aiebant
1691 2535 1727 2570 *z
1749 2534 1784 2568 in

107 2593 246 2628 nomine
267 2601 331 2629 tuo
355 2594 462 2629 etiam
483 2594 666 2629 daemonia
688 2595 788 2629 nobis
809 2595 1060 2631 subiiciuntur.
1082 2596 1177 2631 Alibi
1198 2595 1327 2644 quippe
1349 2604 1435 2631 tunc
1457 2596 1533 2631 eius
1556 2609 1682 2643 corpus
1705 2608 1786 2629 con—

109 2651 328 2698 spiciebatur.
349 2656 452 2692 Patet
473 2671 554 2705 ergo
576 2658 886 2706 circumscriptum
906 2659 1013 2694 fuisse
1036 2658 1217 2694 Christum
1238 2658 1276 2694 in
1299 2673 1441 2709 corpore
1454 2689 1461 2703 ,
1479 2659 1537 2694 sed
1557 2658 1709 2694 nominis
1730 2671 1785 2705 po-

108 2712 299 2751 tentissima
327 2716 529 2766 invictaque
550 2718 584 2753 vi
604 2718 756 2767 prodigia
785 2719 918 2767 ubique
947 2719 1142 2767 patravisse.
1170 2719 1297 2769 Neque
1325 2735 1405 2756 vero
1433 2720 1635 2769 prophetica
1658 2717 1787 2766 praevi-

189 2846 225 2876 (ἵ)
245 2845 347 2881 'Nempe
364 2850 437 2877 Deus
457 2858 499 2878 res
518 2854 626 2878 nostras
644 2859 741 2878 omnes
760 2851 811 2878 scit
830 2860 861 2879 ac
881 2851 966 2885 videt3
987 2860 1042 2879 non
1063 2852 1098 2879 ita
1118 2860 1168 2880 nos
1186 2860 1228 2881 res
1246 2853 1306 2880 Dei.

1801 295 1839 316 Gr,
1857 300 1878 320 ῃ.
1898 299 1926 315 ir.

1815 1575 1824 1585 ’
1841 1573 1888 1594 tuh.
1905 1574 1920 1594 1.
1937 1577 1961 1594 ef.

1817 1700 1824 1710 ¹
1842 1698 1891 1718 tuh.
1908 1697 1923 1717 I.
1942 1701 1964 1718 t*

1817 1884 1825 1893 ’
1843 1881 1891 1902 Ιυέι.
1909 1881 1947 1901 λι.
1969 1884 1998 1900 Ιι.

1818 1938 1825 1943 ”
1836 1934 1916 1955 nauti.
1926 1933 2025 1954 xxvttl.

1816 1967 1849 1982 ΞΗ.

1817 2060 1825 2069 ·
1844 2057 1926 2077 nauti.
1944 2056 2025 2077 xviii.

1818 2089 1850 2104 2¹».

1820 2185 1829 2192 ⁸
1846 2188 1880 2208 gr.
1897 2177 1951 2203 225³
1970 2178 1996 2205 ’ἐν

1820 2239 1977 2260 ἨἰΗ·,ΧΧΗῘ
1995 2242 2025 2258 2¹1.

1825 2304 1832 2312 ‘
1848 2301 1934 2322 Ibidem
1950 2304 1981 2321 ·.‘v;.

1821 2364 1874 2396 :Px
1884 2363 1961 2384 (LXXX
1969 2363 1979 2382 Χ
1990 2363 2016 2382 III

1821 2552 1829 2558 '
1847 2549 1897 2568 Itur.
1915 2548 1940 2567 X.
1960 2550 1987 2567 17.

1821 2611 1857 2630 (fr.
1873 2616 1893 2635 μ.
1914 2613 1943 2628 ὶὶ.
