<?xml version="1.0" encoding="UTF-8"?>
<!DOCTYPE html PUBLIC "-//W3C//DTD XHTML 1.0 Transitional//EN"
    "http://www.w3.org/TR/xhtml1/DTD/xhtml1-transitional.dtd">
<html xmlns="http://www.w3.org/1999/xhtml" xml:lang="en" lang="en">
 <head>
  <title>
</title>
<meta http-equiv="Content-Type" content="text/html;charset=utf-8" />
  <meta name='ocr-system' content='tesseract 3.04.00' />
  <meta name='ocr-capabilities' content='ocr_page ocr_carea ocr_par ocr_line ocrx_word'/>
</head>
<body>
  <div class='ocr_page' id='page_1' title='image "./novaepatrumbibli05maiauoft/novaepatrumbibli05maiauoft_0502.png"; bbox 0 0 2203 3331; ppageno 0'>
   <div class='ocr_carea' id='block_1_1' title="bbox 186 313 361 337">
    <p class='ocr_par' dir='ltr' id='par_1_1' title="bbox 186 313 361 337">
     <span class='ocr_line' id='line_1_1' title="bbox 186 313 361 337; baseline -0.017 0"><span class='ocrx_word' id='word_1_1' title='bbox 186 316 197 327; x_wconf 78' lang='lat'><strong>‘</strong></span> <span class='ocrx_word' id='word_1_2' title='bbox 211 315 260 337; x_wconf 73' lang='lat' dir='ltr'>Act.</span> <span class='ocrx_word' id='word_1_3' title='bbox 277 313 313 336; x_wconf 81' lang='lat' dir='ltr'>XI.</span> <span class='ocrx_word' id='word_1_4' title='bbox 328 316 361 335; x_wconf 78' lang='lat'>26.</span> 
     </span>
    </p>
   </div>
   <div class='ocr_carea' id='block_1_2' title="bbox 157 440 365 816">
    <p class='ocr_par' dir='ltr' id='par_1_2' title="bbox 157 440 365 816">
     <span class='ocr_line' id='line_1_2' title="bbox 240 440 336 462; baseline 0 -6"><span class='ocrx_word' id='word_1_5' title='bbox 240 440 247 456; x_wconf 73' lang='grc' dir='ltr'><strong><em>ι</em></strong></span> <span class='ocrx_word' id='word_1_6' title='bbox 274 453 278 457; x_wconf 84' lang='lat'><strong>.</strong></span> <span class='ocrx_word' id='word_1_7' title='bbox 293 442 314 462; x_wconf 79' lang='lat' dir='ltr'>p.</span> <span class='ocrx_word' id='word_1_8' title='bbox 330 440 336 456; x_wconf 74' lang='lat' dir='ltr'>t</span> 
     </span>
     <span class='ocr_line' id='line_1_3' title="bbox 157 612 363 634; baseline -0.015 0"><span class='ocrx_word' id='word_1_9' title='bbox 157 616 168 627; x_wconf 76' lang='grc'><em>·</em></span> <span class='ocrx_word' id='word_1_10' title='bbox 184 615 198 634; x_wconf 86' lang='lat'>1.</span> <span class='ocrx_word' id='word_1_11' title='bbox 214 615 266 634; x_wconf 71' lang='lat' dir='ltr'>(jor.</span> <span class='ocrx_word' id='word_1_12' title='bbox 283 612 329 633; x_wconf 42' lang='lat' dir='ltr'>xil&lt;</span> <span class='ocrx_word' id='word_1_13' title='bbox 344 615 363 632; x_wconf 73' lang='lat'>2.</span> 
     </span>
     <span class='ocr_line' id='line_1_4' title="bbox 159 795 365 816; baseline -0.01 0"><span class='ocrx_word' id='word_1_14' title='bbox 159 799 169 807; x_wconf 84' lang='lat'><strong><em>&#39;</em></strong></span> <span class='ocrx_word' id='word_1_15' title='bbox 186 798 223 816; x_wconf 64' lang='lat' dir='ltr'>Art</span> <span class='ocrx_word' id='word_1_16' title='bbox 249 795 318 816; x_wconf 66' lang='lat' dir='ltr'>xvtl.</span> <span class='ocrx_word' id='word_1_17' title='bbox 332 798 365 815; x_wconf 75' lang='lat'>22.</span> 
     </span>
    </p>
   </div>
   <div class='ocr_carea' id='block_1_3' title="bbox 162 1401 371 1428">
    <p class='ocr_par' dir='ltr' id='par_1_3' title="bbox 162 1401 371 1428">
     <span class='ocr_line' id='line_1_5' title="bbox 162 1401 371 1428; baseline -0.005 -5"><span class='ocrx_word' id='word_1_18' title='bbox 162 1405 172 1412; x_wconf 83' lang='grc'><em>“</em></span> <span class='ocrx_word' id='word_1_19' title='bbox 188 1401 270 1428; x_wconf 79' lang='lat' dir='ltr'>Philip.</span> <span class='ocrx_word' id='word_1_20' title='bbox 286 1402 323 1422; x_wconf 83' lang='lat' dir='ltr'>Ilt.</span> <span class='ocrx_word' id='word_1_21' title='bbox 341 1404 371 1422; x_wconf 78' lang='lat'>1-2.</span> 
     </span>
    </p>
   </div>
   <div class='ocr_carea' id='block_1_4' title="bbox 186 1585 375 1605">
    <p class='ocr_par' dir='ltr' id='par_1_4' title="bbox 186 1585 375 1605">
     <span class='ocr_line' id='line_1_6' title="bbox 186 1585 375 1605; baseline -0.005 0"><span class='ocrx_word' id='word_1_22' title='bbox 186 1588 194 1597; x_wconf 77' lang='lat'>&#39;</span> <span class='ocrx_word' id='word_1_23' title='bbox 212 1586 228 1605; x_wconf 88' lang='lat' dir='ltr'>l.</span> <span class='ocrx_word' id='word_1_24' title='bbox 243 1586 295 1605; x_wconf 59' lang='lat' dir='ltr'>(lor.</span> <span class='ocrx_word' id='word_1_25' title='bbox 312 1585 337 1605; x_wconf 77' lang='grc' dir='ltr'>Χ.</span> <span class='ocrx_word' id='word_1_26' title='bbox 354 1587 375 1605; x_wconf 83' lang='lat'>3.</span> 
     </span>
    </p>
   </div>
   <div class='ocr_carea' id='block_1_5' title="bbox 168 1646 375 1667">
    <p class='ocr_par' dir='ltr' id='par_1_5' title="bbox 168 1646 375 1667">
     <span class='ocr_line' id='line_1_7' title="bbox 168 1646 375 1667; baseline 0 0"><span class='ocrx_word' id='word_1_27' title='bbox 168 1646 329 1667; x_wconf 67' lang='lat' dir='ltr'>·1&gt;.x.xv1n.</span> <span class='ocrx_word' id='word_1_28' title='bbox 344 1649 375 1667; x_wconf 83' lang='lat'>16.</span> 
     </span>
    </p>
   </div>
   <div class='ocr_carea' id='block_1_6' title="bbox 169 1820 376 1868">
    <p class='ocr_par' dir='ltr' id='par_1_6' title="bbox 169 1820 376 1868">
     <span class='ocr_line' id='line_1_8' title="bbox 169 1820 376 1868; baseline -0.01 -26"><span class='ocrx_word' id='word_1_29' title='bbox 169 1821 264 1868; x_wconf 48' lang='grc' dir='ltr'>ἠῐζιοιῑ-</span> <span class='ocrx_word' id='word_1_30' title='bbox 276 1820 376 1842; x_wconf 71' lang='lat' dir='ltr'>XXXIII.</span> 
     </span>
    </p>
   </div>
   <div class='ocr_carea' id='block_1_7' title="bbox 187 1937 377 1987">
    <p class='ocr_par' dir='ltr' id='par_1_7' title="bbox 187 1937 377 1987">
     <span class='ocr_line' id='line_1_9' title="bbox 187 1937 377 1960; baseline -0.011 0"><span class='ocrx_word' id='word_1_31' title='bbox 187 1943 193 1948; x_wconf 93' lang='lat'>·</span> <span class='ocrx_word' id='word_1_32' title='bbox 213 1940 247 1960; x_wconf 67' lang='grc' dir='ltr'>ΡεΔ</span> <span class='ocrx_word' id='word_1_33' title='bbox 263 1937 342 1959; x_wconf 65' lang='lat' dir='ltr'>XXVI.</span> <span class='ocrx_word' id='word_1_34' title='bbox 358 1940 377 1958; x_wconf 74' lang='grc'>6,</span> 
     </span>
     <span class='ocr_line' id='line_1_10' title="bbox 188 1967 267 1987; baseline -0.013 -1"><span class='ocrx_word' id='word_1_35' title='bbox 188 1967 232 1987; x_wconf 73' lang='lat' dir='ltr'>IX.</span> <span class='ocrx_word' id='word_1_36' title='bbox 248 1969 267 1985; x_wconf 73' lang='lat'>3.</span> 
     </span>
    </p>
   </div>
   <div class='ocr_carea' id='block_1_8' title="bbox 194 2245 381 2267">
    <p class='ocr_par' dir='ltr' id='par_1_8' title="bbox 194 2245 381 2267">
     <span class='ocr_line' id='line_1_11' title="bbox 194 2245 381 2267; baseline -0.011 0"><span class='ocrx_word' id='word_1_37' title='bbox 194 2250 200 2258; x_wconf 91' lang='lat'><strong><em>‘</em></strong></span> <span class='ocrx_word' id='word_1_38' title='bbox 216 2246 303 2267; x_wconf 61' lang='lat' dir='ltr'>Coloss.</span> <span class='ocrx_word' id='word_1_39' title='bbox 318 2245 345 2266; x_wconf 81' lang='grc' dir='ltr'>ΙΙ.</span> <span class='ocrx_word' id='word_1_40' title='bbox 361 2247 381 2265; x_wconf 79' lang='grc'>3.</span> 
     </span>
    </p>
   </div>
   <div class='ocr_carea' id='block_1_9' title="bbox 233 2307 380 2328">
    <p class='ocr_par' dir='ltr' id='par_1_9' title="bbox 233 2307 380 2328">
     <span class='ocr_line' id='line_1_12' title="bbox 233 2307 380 2328; baseline -0.014 0"><span class='ocrx_word' id='word_1_41' title='bbox 233 2309 242 2319; x_wconf 73' lang='grc'><em>’</em></span> <span class='ocrx_word' id='word_1_42' title='bbox 259 2307 312 2328; x_wconf 81' lang='lat' dir='ltr'>Luc.</span> <span class='ocrx_word' id='word_1_43' title='bbox 328 2307 345 2327; x_wconf 91' lang='lat'>1.</span> <span class='ocrx_word' id='word_1_44' title='bbox 361 2309 380 2326; x_wconf 65' lang='lat'>2,</span> 
     </span>
    </p>
   </div>
   <div class='ocr_carea' id='block_1_10' title="bbox 259 2606 382 2632">
    <p class='ocr_par' dir='ltr' id='par_1_10' title="bbox 259 2606 382 2632">
     <span class='ocr_line' id='line_1_13' title="bbox 259 2606 382 2632; baseline 0.016 -7"><span class='ocrx_word' id='word_1_45' title='bbox 259 2606 298 2627; x_wconf 69' lang='grc' dir='ltr'>ίῑτ.</span> <span class='ocrx_word' id='word_1_46' title='bbox 312 2611 334 2632; x_wconf 76' lang='lat' dir='ltr'>p.</span> <span class='ocrx_word' id='word_1_47' title='bbox 350 2608 382 2627; x_wconf 69' lang='lat'>623.</span> 
     </span>
    </p>
   </div>
   <div class='ocr_carea' id='block_1_11' title="bbox 397 181 1483 214">
    <p class='ocr_par' dir='ltr' id='par_1_11' title="bbox 397 181 1483 214">
     <span class='ocr_line' id='line_1_14' title="bbox 397 181 1483 214; baseline -0.001 -1"><span class='ocrx_word' id='word_1_48' title='bbox 397 181 466 214; x_wconf 70' lang='lat'>200</span> <span class='ocrx_word' id='word_1_49' title='bbox 990 190 1018 214; x_wconf 84' lang='lat' dir='ltr'>S.</span> <span class='ocrx_word' id='word_1_50' title='bbox 1044 191 1215 214; x_wconf 64' lang='lat' dir='ltr'>mesanum</span> <span class='ocrx_word' id='word_1_51' title='bbox 1245 189 1483 213; x_wconf 68' lang='lat' dir='ltr'>arotoca&#39;rrcns</span> 
     </span>
    </p>
   </div>
   <div class='ocr_carea' id='block_1_12' title="bbox 398 242 2079 414">
    <p class='ocr_par' dir='ltr' id='par_1_12' title="bbox 398 242 2079 414">
     <span class='ocr_line' id='line_1_15' title="bbox 398 242 2079 294; baseline 0.001 -15"><span class='ocrx_word' id='word_1_52' title='bbox 398 258 479 280; x_wconf 89' lang='lat' dir='ltr'>nam</span> <span class='ocrx_word' id='word_1_53' title='bbox 510 243 664 278; x_wconf 83' lang='lat' dir='ltr'>Samaria</span> <span class='ocrx_word' id='word_1_54' title='bbox 693 242 854 292; x_wconf 83' lang='lat' dir='ltr'>excepit,</span> <span class='ocrx_word' id='word_1_55' title='bbox 880 245 1001 293; x_wconf 86' lang='lat' dir='ltr'>patriis</span> <span class='ocrx_word' id='word_1_56' title='bbox 1030 246 1221 294; x_wconf 86' lang='lat' dir='ltr'>repudiatis</span> <span class='ocrx_word' id='word_1_57' title='bbox 1253 245 1407 280; x_wconf 88' lang='lat' dir='ltr'>moribus</span> <span class='ocrx_word' id='word_1_58' title='bbox 1433 243 1666 292; x_wconf 77' lang='lat' dir='ltr'>legitimisque</span> <span class='ocrx_word' id='word_1_59' title='bbox 1696 243 1834 279; x_wconf 84' lang='lat' dir='ltr'>ritibus.</span> <span class='ocrx_word' id='word_1_60' title='bbox 1864 242 1925 279; x_wconf 87' lang='lat' dir='ltr'>Sic</span> <span class='ocrx_word' id='word_1_61' title='bbox 1954 244 2079 281; x_wconf 81' lang='lat' dir='ltr'>Antio·-</span> 
     </span>
     <span class='ocr_line' id='line_1_16' title="bbox 401 304 2067 352; baseline 0 -12"><span class='ocrx_word' id='word_1_62' title='bbox 401 306 497 340; x_wconf 84' lang='lat' dir='ltr'>chiae</span> <span class='ocrx_word' id='word_1_63' title='bbox 526 304 662 339; x_wconf 82' lang='lat' dir='ltr'>incolae</span> <span class='ocrx_word' id='word_1_64' title='bbox 691 313 725 339; x_wconf 88' lang='lat' dir='ltr'>et</span> <span class='ocrx_word' id='word_1_65' title='bbox 753 319 826 339; x_wconf 91' lang='lat' dir='ltr'>csse</span> <span class='ocrx_word' id='word_1_66' title='bbox 851 313 884 339; x_wconf 90' lang='lat' dir='ltr'>et</span> <span class='ocrx_word' id='word_1_67' title='bbox 907 306 1084 340; x_wconf 90' lang='lat' dir='ltr'>nominari</span> <span class='ocrx_word' id='word_1_68' title='bbox 1104 313 1312 341; x_wconf 87' lang='lat' dir='ltr'>meruerunt</span> <span class='ocrx_word' id='word_1_69' title='bbox 1342 304 1534 339; x_wconf 76' lang='lat' dir='ltr'>Christiani</span> <span class='ocrx_word' id='word_1_70' title='bbox 1555 305 1594 346; x_wconf 71' lang='lat'>²¹³¹,</span> <span class='ocrx_word' id='word_1_71' title='bbox 1615 317 1824 352; x_wconf 84' lang='lat' dir='ltr'>quamquam</span> <span class='ocrx_word' id='word_1_72' title='bbox 1853 319 1892 340; x_wconf 87' lang='lat' dir='ltr'>ea</span> <span class='ocrx_word' id='word_1_73' title='bbox 1920 306 2002 340; x_wconf 87' lang='lat' dir='ltr'>urbs</span> <span class='ocrx_word' id='word_1_74' title='bbox 2031 306 2067 340; x_wconf 81' lang='lat' dir='ltr'>iu</span> 
     </span>
     <span class='ocr_line' id='line_1_17' title="bbox 400 364 2071 414; baseline 0.001 -14"><span class='ocrx_word' id='word_1_75' title='bbox 400 366 526 400; x_wconf 82' lang='lat' dir='ltr'>idolico</span> <span class='ocrx_word' id='word_1_76' title='bbox 554 379 670 400; x_wconf 90' lang='lat' dir='ltr'>errore</span> <span class='ocrx_word' id='word_1_77' title='bbox 698 366 824 400; x_wconf 85' lang='lat' dir='ltr'>samam</span> <span class='ocrx_word' id='word_1_78' title='bbox 842 365 984 401; x_wconf 85' lang='lat' dir='ltr'>haberet</span> <span class='ocrx_word' id='word_1_79' title='bbox 1012 367 1256 408; x_wconf 86' lang='lat' dir='ltr'>clarissimam,</span> <span class='ocrx_word' id='word_1_80' title='bbox 1280 374 1311 399; x_wconf 88' lang='lat' dir='ltr'>ct</span> <span class='ocrx_word' id='word_1_81' title='bbox 1338 365 1411 400; x_wconf 87' lang='lat' dir='ltr'>aliis</span> <span class='ocrx_word' id='word_1_82' title='bbox 1439 364 1559 400; x_wconf 88' lang='lat' dir='ltr'>multis</span> <span class='ocrx_word' id='word_1_83' title='bbox 1585 364 1803 412; x_wconf 77' lang='lat' dir='ltr'>improbitate</span> <span class='ocrx_word' id='word_1_84' title='bbox 1834 366 2071 414; x_wconf 83' lang='lat' dir='ltr'>praecelleret.</span> 
     </span>
    </p>
   </div>
   <div class='ocr_carea' id='block_1_13' title="bbox 337 424 2071 474">
    <p class='ocr_par' dir='ltr' id='par_1_13' title="bbox 337 424 2071 474">
     <span class='ocr_line' id='line_1_18' title="bbox 337 424 2071 474; baseline 0 -13"><span class='ocrx_word' id='word_1_85' title='bbox 337 439 362 456; x_wconf 65' lang='lat'>³2-</span> <span class='ocrx_word' id='word_1_86' title='bbox 399 427 561 474; x_wconf 79' lang='lat' dir='ltr'>Namque</span> <span class='ocrx_word' id='word_1_87' title='bbox 584 425 676 474; x_wconf 86' lang='lat' dir='ltr'>apud</span> <span class='ocrx_word' id='word_1_88' title='bbox 703 425 811 473; x_wconf 82' lang='lat' dir='ltr'>ipsam</span> <span class='ocrx_word' id='word_1_89' title='bbox 833 434 868 461; x_wconf 90' lang='lat' dir='ltr'>et</span> <span class='ocrx_word' id='word_1_90' title='bbox 888 426 1058 474; x_wconf 82' lang='lat' dir='ltr'>Apollinis</span> <span class='ocrx_word' id='word_1_91' title='bbox 1089 428 1211 461; x_wconf 78' lang='lat' dir='ltr'>[anum</span> <span class='ocrx_word' id='word_1_92' title='bbox 1235 425 1418 461; x_wconf 85' lang='lat' dir='ltr'>conditum</span> <span class='ocrx_word' id='word_1_93' title='bbox 1440 433 1531 467; x_wconf 86' lang='lat' dir='ltr'>erat,</span> <span class='ocrx_word' id='word_1_94' title='bbox 1554 433 1587 459; x_wconf 90' lang='lat' dir='ltr'>et</span> <span class='ocrx_word' id='word_1_95' title='bbox 1608 424 1679 460; x_wconf 90' lang='lat' dir='ltr'>illic</span> <span class='ocrx_word' id='word_1_96' title='bbox 1702 439 1852 473; x_wconf 89' lang='lat' dir='ltr'>-operans</span> <span class='ocrx_word' id='word_1_97' title='bbox 1875 426 2071 462; x_wconf 86' lang='lat' dir='ltr'>inhabitan-</span> 
     </span>
    </p>
   </div>
   <div class='ocr_carea' id='block_1_14' title="bbox 399 485 2093 2765">
    <p class='ocr_par' dir='ltr' id='par_1_14' title="bbox 399 485 2091 1909">
     <span class='ocr_line' id='line_1_19' title="bbox 400 485 2072 534; baseline 0.001 -13"><span class='ocrx_word' id='word_1_98' title='bbox 400 487 442 521; x_wconf 87' lang='lat' dir='ltr'>tis</span> <span class='ocrx_word' id='word_1_99' title='bbox 470 486 649 521; x_wconf 79' lang='lat' dir='ltr'>daemonis</span> <span class='ocrx_word' id='word_1_100' title='bbox 673 485 843 521; x_wconf 87' lang='lat' dir='ltr'>celebrata</span> <span class='ocrx_word' id='word_1_101' title='bbox 872 486 986 521; x_wconf 90' lang='lat' dir='ltr'>illusio</span> <span class='ocrx_word' id='word_1_102' title='bbox 1013 489 1074 534; x_wconf 88' lang='lat'>(1)</span> <span class='ocrx_word' id='word_1_103' title='bbox 1097 486 1337 521; x_wconf 69' lang='lat' dir='ltr'>Nihilominus</span> <span class='ocrx_word' id='word_1_104' title='bbox 1368 485 1562 519; x_wconf 85' lang='lat' dir='ltr'>Christiani</span> <span class='ocrx_word' id='word_1_105' title='bbox 1590 494 1796 532; x_wconf 84' lang='lat' dir='ltr'>congestum</span> <span class='ocrx_word' id='word_1_106' title='bbox 1821 485 1970 521; x_wconf 85' lang='lat' dir='ltr'>Satanae</span> <span class='ocrx_word' id='word_1_107' title='bbox 1999 487 2072 522; x_wconf 90' lang='lat' dir='ltr'>the-</span> 
     </span>
     <span class='ocr_line' id='line_1_20' title="bbox 399 546 2071 595; baseline 0.001 -14"><span class='ocrx_word' id='word_1_108' title='bbox 399 560 540 582; x_wconf 88' lang='lat' dir='ltr'>saurum</span> <span class='ocrx_word' id='word_1_109' title='bbox 567 546 744 593; x_wconf 89' lang='lat' dir='ltr'>praeclare</span> <span class='ocrx_word' id='word_1_110' title='bbox 772 546 1022 595; x_wconf 83' lang='lat' dir='ltr'>diripuerunt,</span> <span class='ocrx_word' id='word_1_111' title='bbox 1052 556 1086 581; x_wconf 88' lang='lat' dir='ltr'>et</span> <span class='ocrx_word' id='word_1_112' title='bbox 1112 561 1234 581; x_wconf 87' lang='lat' dir='ltr'>aureas</span> <span class='ocrx_word' id='word_1_113' title='bbox 1261 554 1513 593; x_wconf 80' lang='lat' dir='ltr'>argenteasque.</span> <span class='ocrx_word' id='word_1_114' title='bbox 1547 554 1676 580; x_wconf 88' lang='lat' dir='ltr'>statuas</span> <span class='ocrx_word' id='word_1_115' title='bbox 1707 554 1978 593; x_wconf 86' lang='lat' dir='ltr'>prostraverunt.</span> <span class='ocrx_word' id='word_1_116' title='bbox 2008 546 2071 582; x_wconf 84' lang='lat' dir='ltr'>Sic</span> 
     </span>
     <span class='ocr_line' id='line_1_21' title="bbox 401 605 2072 654; baseline -0.001 -13"><span class='ocrx_word' id='word_1_117' title='bbox 401 607 556 654; x_wconf 84' lang='lat' dir='ltr'>gentium</span> <span class='ocrx_word' id='word_1_118' title='bbox 583 606 754 654; x_wconf 83' lang='lat' dir='ltr'>apostolus</span> <span class='ocrx_word' id='word_1_119' title='bbox 785 605 985 641; x_wconf 83' lang='lat' dir='ltr'>Corinthios</span> <span class='ocrx_word' id='word_1_120' title='bbox 1006 606 1048 641; x_wconf 87' lang='lat' dir='ltr'>ad</span> <span class='ocrx_word' id='word_1_121' title='bbox 1070 607 1225 641; x_wconf 89' lang='lat' dir='ltr'>veritatis</span> <span class='ocrx_word' id='word_1_122' title='bbox 1253 606 1489 653; x_wconf 78' lang='lat' dir='ltr'>cognitionem</span> <span class='ocrx_word' id='word_1_123' title='bbox 1520 605 1710 651; x_wconf 77' lang='lat' dir='ltr'>convertit3</span> <span class='ocrx_word' id='word_1_124' title='bbox 1738 605 1843 653; x_wconf 84' lang='lat' dir='ltr'>idque</span> <span class='ocrx_word' id='word_1_125' title='bbox 1871 606 1917 640; x_wconf 86' lang='lat' dir='ltr'>ita</span> <span class='ocrx_word' id='word_1_126' title='bbox 1943 606 2072 653; x_wconf 82' lang='lat' dir='ltr'>signifi-</span> 
     </span>
     <span class='ocr_line' id='line_1_22' title="bbox 401 665 2073 714; baseline -0.001 -11"><span class='ocrx_word' id='word_1_127' title='bbox 401 668 489 703; x_wconf 87' lang='lat' dir='ltr'>cavit</span> <span class='ocrx_word' id='word_1_128' title='bbox 515 667 555 701; x_wconf 87' lang='lat' dir='ltr'>ad</span> <span class='ocrx_word' id='word_1_129' title='bbox 587 681 644 701; x_wconf 87' lang='lat' dir='ltr'>cos</span> <span class='ocrx_word' id='word_1_130' title='bbox 672 667 830 702; x_wconf 86' lang='lat' dir='ltr'>scribens</span> <span class='ocrx_word' id='word_1_131' title='bbox 850 668 886 703; x_wconf 59' lang='lat' dir='ltr'>*z</span> <span class='ocrx_word' id='word_1_132' title='bbox 909 674 931 687; x_wconf 83' lang='lat'>“</span> <span class='ocrx_word' id='word_1_133' title='bbox 955 667 1051 701; x_wconf 89' lang='lat' dir='ltr'>scitis</span> <span class='ocrx_word' id='word_1_134' title='bbox 1079 667 1245 714; x_wconf 87' lang='lat' dir='ltr'>quoniam</span> <span class='ocrx_word' id='word_1_135' title='bbox 1271 680 1351 702; x_wconf 88' lang='lat' dir='ltr'>cum</span> <span class='ocrx_word' id='word_1_136' title='bbox 1374 675 1490 712; x_wconf 81' lang='lat' dir='ltr'>gentes</span> <span class='ocrx_word' id='word_1_137' title='bbox 1515 666 1653 708; x_wconf 82' lang='lat' dir='ltr'>essetis,</span> <span class='ocrx_word' id='word_1_138' title='bbox 1674 665 1716 700; x_wconf 85' lang='lat' dir='ltr'>ad</span> <span class='ocrx_word' id='word_1_139' title='bbox 1740 665 1831 700; x_wconf 87' lang='lat' dir='ltr'>idola</span> <span class='ocrx_word' id='word_1_140' title='bbox 1852 674 1945 700; x_wconf 88' lang='lat' dir='ltr'>muta</span> <span class='ocrx_word' id='word_1_141' title='bbox 1966 675 2073 714; x_wconf 74' lang='lat' dir='ltr'>prout:</span> 
     </span>
     <span class='ocr_line' id='line_1_23' title="bbox 405 725 2073 774; baseline -0.001 -12"><span class='ocrx_word' id='word_1_142' title='bbox 405 757 427 771; x_wconf 88' lang='lat'><em>„</em></span> <span class='ocrx_word' id='word_1_143' title='bbox 456 728 685 762; x_wconf 81' lang='lat' dir='ltr'>ducebamini</span> <span class='ocrx_word' id='word_1_144' title='bbox 714 736 846 762; x_wconf 88' lang='lat' dir='ltr'>euntes.</span> <span class='ocrx_word' id='word_1_145' title='bbox 872 755 895 769; x_wconf 89' lang='lat'><strong>„</strong></span> <span class='ocrx_word' id='word_1_146' title='bbox 920 726 981 761; x_wconf 85' lang='lat' dir='ltr'>Sic</span> <span class='ocrx_word' id='word_1_147' title='bbox 1011 735 1108 774; x_wconf 88' lang='lat' dir='ltr'>capto</span> <span class='ocrx_word' id='word_1_148' title='bbox 1138 741 1178 761; x_wconf 83' lang='lat' dir='ltr'>ex</span> <span class='ocrx_word' id='word_1_149' title='bbox 1199 741 1255 761; x_wconf 91' lang='lat' dir='ltr'>ara</span> <span class='ocrx_word' id='word_1_150' title='bbox 1277 735 1503 773; x_wconf 84' lang='lat' dir='ltr'>argumento,</span> <span class='ocrx_word' id='word_1_151' title='bbox 1524 726 1680 761; x_wconf 86' lang='lat' dir='ltr'>homines</span> <span class='ocrx_word' id='word_1_152' title='bbox 1710 726 1738 760; x_wconf 91' lang='lat' dir='ltr'>ei</span> <span class='ocrx_word' id='word_1_153' title='bbox 1766 740 1844 760; x_wconf 88' lang='lat' dir='ltr'>arae</span> <span class='ocrx_word' id='word_1_154' title='bbox 1873 725 2009 761; x_wconf 81' lang='lat' dir='ltr'>deditos</span> <span class='ocrx_word' id='word_1_155' title='bbox 2037 735 2073 761; x_wconf 79' lang='lat' dir='ltr'>et</span> 
     </span>
     <span class='ocr_line' id='line_1_24' title="bbox 402 786 2075 836; baseline -0.001 -12"><span class='ocrx_word' id='word_1_156' title='bbox 402 790 438 824; x_wconf 91' lang='lat' dir='ltr'>in</span> <span class='ocrx_word' id='word_1_157' title='bbox 466 789 604 824; x_wconf 80' lang='lat' dir='ltr'>cunetis</span> <span class='ocrx_word' id='word_1_158' title='bbox 633 787 961 836; x_wconf 83' lang='lat' dir='ltr'>superstitiosiores,</span> <span class='ocrx_word' id='word_1_159' title='bbox 985 787 1135 821; x_wconf 83' lang='lat' dir='ltr'>convicit</span> <span class='ocrx_word' id='word_1_160' title='bbox 1161 786 1311 822; x_wconf 83' lang='lat' dir='ltr'>Athenis</span> <span class='ocrx_word' id='word_1_161' title='bbox 1337 788 1364 823; x_wconf 54' lang='grc' dir='ltr'>*ἦ</span> <span class='ocrx_word' id='word_1_162' title='bbox 1389 787 1463 821; x_wconf 83' lang='lat' dir='ltr'>Alii</span> <span class='ocrx_word' id='word_1_163' title='bbox 1490 786 1644 834; x_wconf 84' lang='lat' dir='ltr'>denique</span> <span class='ocrx_word' id='word_1_164' title='bbox 1667 786 1748 820; x_wconf 86' lang='lat' dir='ltr'>alibi</span> <span class='ocrx_word' id='word_1_165' title='bbox 1769 786 1933 834; x_wconf 86' lang='lat' dir='ltr'>apostoli,</span> <span class='ocrx_word' id='word_1_166' title='bbox 1954 795 2075 834; x_wconf 84' lang='lat' dir='ltr'>gentes</span> 
     </span>
     <span class='ocr_line' id='line_1_25' title="bbox 402 846 2078 895; baseline -0.001 -11"><span class='ocrx_word' id='word_1_167' title='bbox 402 850 495 884; x_wconf 90' lang='lat' dir='ltr'>inter</span> <span class='ocrx_word' id='word_1_168' title='bbox 522 863 557 884; x_wconf 90' lang='lat' dir='ltr'>sc</span> <span class='ocrx_word' id='word_1_169' title='bbox 585 849 718 890; x_wconf 87' lang='lat' dir='ltr'>sortiti,</span> <span class='ocrx_word' id='word_1_170' title='bbox 740 847 846 882; x_wconf 87' lang='lat' dir='ltr'>hostis</span> <span class='ocrx_word' id='word_1_171' title='bbox 875 860 995 894; x_wconf 87' lang='lat' dir='ltr'>gazas,</span> <span class='ocrx_word' id='word_1_172' title='bbox 1019 855 1054 881; x_wconf 90' lang='lat' dir='ltr'>et</span> <span class='ocrx_word' id='word_1_173' title='bbox 1081 847 1233 882; x_wconf 84' lang='lat' dir='ltr'>thesauri</span> <span class='ocrx_word' id='word_1_174' title='bbox 1261 847 1367 881; x_wconf 85' lang='lat' dir='ltr'>instar</span> <span class='ocrx_word' id='word_1_175' title='bbox 1389 847 1538 895; x_wconf 70' lang='lat' dir='ltr'>captivos</span> <span class='ocrx_word' id='word_1_176' title='bbox 1565 847 1724 881; x_wconf 87' lang='lat' dir='ltr'>homines</span> <span class='ocrx_word' id='word_1_177' title='bbox 1746 847 1788 881; x_wconf 82' lang='lat' dir='ltr'>ad</span> <span class='ocrx_word' id='word_1_178' title='bbox 1813 846 1948 882; x_wconf 81' lang='lat' dir='ltr'>Christi</span> <span class='ocrx_word' id='word_1_179' title='bbox 1972 847 2078 895; x_wconf 84' lang='lat' dir='ltr'>placi-</span> 
     </span>
     <span class='ocr_line' id='line_1_26' title="bbox 403 907 2077 957; baseline -0.002 -12"><span class='ocrx_word' id='word_1_180' title='bbox 403 919 480 945; x_wconf 91' lang='lat' dir='ltr'>tum</span> <span class='ocrx_word' id='word_1_181' title='bbox 507 909 757 957; x_wconf 84' lang='lat' dir='ltr'>diripuerunt,</span> <span class='ocrx_word' id='word_1_182' title='bbox 787 907 999 955; x_wconf 89' lang='lat' dir='ltr'>dominoque</span> <span class='ocrx_word' id='word_1_183' title='bbox 1028 907 1185 942; x_wconf 89' lang='lat' dir='ltr'>omnium</span> <span class='ocrx_word' id='word_1_184' title='bbox 1212 916 1388 955; x_wconf 85' lang='lat' dir='ltr'>tamquam</span> <span class='ocrx_word' id='word_1_185' title='bbox 1415 907 1560 955; x_wconf 86' lang='lat' dir='ltr'>praedae</span> <span class='ocrx_word' id='word_1_186' title='bbox 1588 907 1816 942; x_wconf 87' lang='lat' dir='ltr'>libamentum</span> <span class='ocrx_word' id='word_1_187' title='bbox 1845 915 1878 942; x_wconf 91' lang='lat' dir='ltr'>et</span> <span class='ocrx_word' id='word_1_188' title='bbox 1906 907 2077 956; x_wconf 85' lang='lat' dir='ltr'>primitias</span> 
     </span>
     <span class='ocr_line' id='line_1_27' title="bbox 404 967 2078 1016; baseline -0.002 -11"><span class='ocrx_word' id='word_1_189' title='bbox 404 971 613 1006; x_wconf 81' lang='lat' dir='ltr'>adtulerunt.</span> <span class='ocrx_word' id='word_1_190' title='bbox 643 969 705 1003; x_wconf 85' lang='lat' dir='ltr'>Illo</span> <span class='ocrx_word' id='word_1_191' title='bbox 733 978 908 1016; x_wconf 87' lang='lat' dir='ltr'>tempore,</span> <span class='ocrx_word' id='word_1_192' title='bbox 931 981 989 1002; x_wconf 88' lang='lat' dir='ltr'>seu</span> <span class='ocrx_word' id='word_1_193' title='bbox 1019 967 1097 1010; x_wconf 88' lang='lat' dir='ltr'>die,</span> <span class='ocrx_word' id='word_1_194' title='bbox 1119 967 1301 1002; x_wconf 84' lang='lat' dir='ltr'>eiecerunt</span> <span class='ocrx_word' id='word_1_195' title='bbox 1329 967 1364 1001; x_wconf 82' lang='lat' dir='ltr'>id</span> <span class='ocrx_word' id='word_1_196' title='bbox 1386 976 1437 1002; x_wconf 91' lang='lat' dir='ltr'>est</span> <span class='ocrx_word' id='word_1_197' title='bbox 1463 967 1688 1002; x_wconf 83' lang='lat' dir='ltr'>detestandos</span> <span class='ocrx_word' id='word_1_198' title='bbox 1712 968 1917 1002; x_wconf 88' lang='lat' dir='ltr'>iudicarunt</span> <span class='ocrx_word' id='word_1_199' title='bbox 1940 976 1973 1003; x_wconf 83' lang='lat' dir='ltr'>et</span> <span class='ocrx_word' id='word_1_200' title='bbox 1995 981 2078 1002; x_wconf 91' lang='lat' dir='ltr'>con-</span> 
     </span>
     <span class='ocr_line' id='line_1_28' title="bbox 403 1028 2077 1080; baseline -0.002 -14"><span class='ocrx_word' id='word_1_201' title='bbox 403 1039 572 1080; x_wconf 84' lang='lat' dir='ltr'>spuerunt</span> <span class='ocrx_word' id='word_1_202' title='bbox 593 1031 812 1064; x_wconf 79' lang='lat' dir='ltr'>manufactos</span> <span class='ocrx_word' id='word_1_203' title='bbox 834 1028 908 1063; x_wconf 90' lang='lat' dir='ltr'>illos</span> <span class='ocrx_word' id='word_1_204' title='bbox 929 1028 1033 1071; x_wconf 85' lang='lat' dir='ltr'>deos,</span> <span class='ocrx_word' id='word_1_205' title='bbox 1056 1037 1090 1063; x_wconf 91' lang='lat' dir='ltr'>et</span> <span class='ocrx_word' id='word_1_206' title='bbox 1110 1036 1227 1063; x_wconf 87' lang='lat' dir='ltr'>mente</span> <span class='ocrx_word' id='word_1_207' title='bbox 1247 1042 1308 1063; x_wconf 89' lang='lat' dir='ltr'>sua</span> <span class='ocrx_word' id='word_1_208' title='bbox 1331 1037 1614 1076; x_wconf 85' lang='lat' dir='ltr'>proterruerunt,</span> <span class='ocrx_word' id='word_1_209' title='bbox 1636 1028 1724 1063; x_wconf 84' lang='lat' dir='ltr'>adeo</span> <span class='ocrx_word' id='word_1_210' title='bbox 1746 1037 1787 1063; x_wconf 88' lang='lat' dir='ltr'>ut</span> <span class='ocrx_word' id='word_1_211' title='bbox 1807 1043 1852 1064; x_wconf 90' lang='lat' dir='ltr'>ne</span> <span class='ocrx_word' id='word_1_212' title='bbox 1874 1029 2077 1063; x_wconf 82' lang='lat' dir='ltr'>memoriam</span> 
     </span>
     <span class='ocr_line' id='line_1_29' title="bbox 405 1087 2080 1139; baseline -0.001 -14"><span class='ocrx_word' id='word_1_213' title='bbox 405 1091 548 1139; x_wconf 86' lang='lat' dir='ltr'>quidem</span> <span class='ocrx_word' id='word_1_214' title='bbox 569 1090 710 1124; x_wconf 89' lang='lat' dir='ltr'>illorum</span> <span class='ocrx_word' id='word_1_215' title='bbox 741 1089 891 1124; x_wconf 88' lang='lat' dir='ltr'>ulterius</span> <span class='ocrx_word' id='word_1_216' title='bbox 920 1088 991 1136; x_wconf 86' lang='lat' dir='ltr'>pati</span> <span class='ocrx_word' id='word_1_217' title='bbox 1017 1088 1170 1136; x_wconf 84' lang='lat' dir='ltr'>quirent.</span> <span class='ocrx_word' id='word_1_218' title='bbox 1199 1087 1309 1122; x_wconf 90' lang='lat' dir='ltr'>Immo</span> <span class='ocrx_word' id='word_1_219' title='bbox 1339 1096 1374 1123; x_wconf 89' lang='lat' dir='ltr'>et</span> <span class='ocrx_word' id='word_1_220' title='bbox 1403 1101 1524 1122; x_wconf 83' lang='lat' dir='ltr'>eorum</span> <span class='ocrx_word' id='word_1_221' title='bbox 1551 1089 1715 1131; x_wconf 88' lang='lat' dir='ltr'>materia,</span> <span class='ocrx_word' id='word_1_222' title='bbox 1738 1088 1802 1123; x_wconf 89' lang='lat' dir='ltr'>etsi</span> <span class='ocrx_word' id='word_1_223' title='bbox 1822 1103 1840 1124; x_wconf 89' lang='lat' dir='ltr'>a</span> <span class='ocrx_word' id='word_1_224' title='bbox 1860 1088 1978 1123; x_wconf 88' lang='lat' dir='ltr'>multis</span> <span class='ocrx_word' id='word_1_225' title='bbox 2004 1103 2080 1136; x_wconf 88' lang='lat' dir='ltr'>pre-</span> 
     </span>
     <span class='ocr_line' id='line_1_30' title="bbox 404 1148 2081 1196; baseline -0.001 -11"><span class='ocrx_word' id='word_1_226' title='bbox 404 1150 586 1185; x_wconf 89' lang='lat' dir='ltr'>tiosissima</span> <span class='ocrx_word' id='word_1_227' title='bbox 607 1149 874 1191; x_wconf 82' lang='lat' dir='ltr'>aestimabatur,</span> <span class='ocrx_word' id='word_1_228' title='bbox 895 1156 1037 1196; x_wconf 86' lang='lat' dir='ltr'>propter</span> <span class='ocrx_word' id='word_1_229' title='bbox 1057 1148 1166 1182; x_wconf 85' lang='lat' dir='ltr'>divini</span> <span class='ocrx_word' id='word_1_230' title='bbox 1187 1148 1313 1183; x_wconf 86' lang='lat' dir='ltr'>amoris</span> <span class='ocrx_word' id='word_1_231' title='bbox 1337 1148 1566 1183; x_wconf 84' lang='lat' dir='ltr'>eminentiam</span> <span class='ocrx_word' id='word_1_232' title='bbox 1580 1177 1587 1191; x_wconf 95' lang='lat'>,</span> <span class='ocrx_word' id='word_1_233' title='bbox 1610 1148 1744 1183; x_wconf 89' lang='lat' dir='ltr'>abiecta</span> <span class='ocrx_word' id='word_1_234' title='bbox 1767 1149 1847 1196; x_wconf 89' lang='lat' dir='ltr'>ipsis</span> <span class='ocrx_word' id='word_1_235' title='bbox 1869 1156 1903 1183; x_wconf 82' lang='lat' dir='ltr'>et</span> <span class='ocrx_word' id='word_1_236' title='bbox 1925 1157 2081 1183; x_wconf 87' lang='lat' dir='ltr'>contem-</span> 
     </span>
     <span class='ocr_line' id='line_1_31' title="bbox 404 1208 2080 1258; baseline -0.001 -13"><span class='ocrx_word' id='word_1_237' title='bbox 404 1219 463 1258; x_wconf 88' lang='lat' dir='ltr'>pta</span> <span class='ocrx_word' id='word_1_238' title='bbox 490 1211 577 1252; x_wconf 82' lang='lat' dir='ltr'>suit,</span> <span class='ocrx_word' id='word_1_239' title='bbox 600 1210 733 1258; x_wconf 87' lang='lat' dir='ltr'>unique</span> <span class='ocrx_word' id='word_1_240' title='bbox 762 1208 840 1244; x_wconf 80' lang='lat' dir='ltr'>Deo</span> <span class='ocrx_word' id='word_1_241' title='bbox 864 1222 1058 1255; x_wconf 86' lang='lat' dir='ltr'>congruum</span> <span class='ocrx_word' id='word_1_242' title='bbox 1085 1208 1298 1243; x_wconf 85' lang='lat' dir='ltr'>sacrificium</span> <span class='ocrx_word' id='word_1_243' title='bbox 1327 1208 1538 1244; x_wconf 87' lang='lat' dir='ltr'>obtulerunt.</span> <span class='ocrx_word' id='word_1_244' title='bbox 1564 1208 1686 1257; x_wconf 82' lang='lat' dir='ltr'>Itaque</span> <span class='ocrx_word' id='word_1_245' title='bbox 1707 1208 1845 1243; x_wconf 90' lang='lat' dir='ltr'>illorum</span> <span class='ocrx_word' id='word_1_246' title='bbox 1864 1208 2011 1244; x_wconf 80' lang='lat' dir='ltr'>salsitate</span> <span class='ocrx_word' id='word_1_247' title='bbox 2038 1223 2080 1244; x_wconf 79' lang='lat' dir='ltr'>ae</span> 
     </span>
     <span class='ocr_line' id='line_1_32' title="bbox 405 1269 2081 1317; baseline -0.001 -13"><span class='ocrx_word' id='word_1_248' title='bbox 405 1270 540 1305; x_wconf 82' lang='lat' dir='ltr'>fallacia</span> <span class='ocrx_word' id='word_1_249' title='bbox 569 1270 714 1312; x_wconf 89' lang='lat' dir='ltr'>omissa,</span> <span class='ocrx_word' id='word_1_250' title='bbox 737 1269 780 1304; x_wconf 86' lang='lat' dir='ltr'>ad</span> <span class='ocrx_word' id='word_1_251' title='bbox 809 1270 942 1304; x_wconf 84' lang='lat' dir='ltr'>firmam</span> <span class='ocrx_word' id='word_1_252' title='bbox 962 1277 1094 1317; x_wconf 87' lang='lat' dir='ltr'>petram</span> <span class='ocrx_word' id='word_1_253' title='bbox 1121 1269 1320 1304; x_wconf 89' lang='lat' dir='ltr'>necessario</span> <span class='ocrx_word' id='word_1_254' title='bbox 1344 1278 1377 1303; x_wconf 87' lang='lat' dir='ltr'>et</span> <span class='ocrx_word' id='word_1_255' title='bbox 1400 1269 1600 1316; x_wconf 79' lang='lat' dir='ltr'>tempestive</span> <span class='ocrx_word' id='word_1_256' title='bbox 1623 1269 1658 1303; x_wconf 89' lang='lat' dir='ltr'>in</span> <span class='ocrx_word' id='word_1_257' title='bbox 1681 1269 1801 1317; x_wconf 88' lang='lat' dir='ltr'>primis</span> <span class='ocrx_word' id='word_1_258' title='bbox 1829 1278 2081 1314; x_wconf 81' lang='lat' dir='ltr'>accurrerunt3</span> 
     </span>
     <span class='ocr_line' id='line_1_33' title="bbox 407 1328 2083 1379; baseline -0.001 -13"><span class='ocrx_word' id='word_1_259' title='bbox 407 1345 496 1379; x_wconf 89' lang='lat' dir='ltr'>quae</span> <span class='ocrx_word' id='word_1_260' title='bbox 525 1331 668 1379; x_wconf 86' lang='lat' dir='ltr'>quidem</span> <span class='ocrx_word' id='word_1_261' title='bbox 699 1329 862 1365; x_wconf 81' lang='lat' dir='ltr'>Christus</span> <span class='ocrx_word' id='word_1_262' title='bbox 890 1338 941 1364; x_wconf 88' lang='lat' dir='ltr'>est</span> <span class='ocrx_word' id='word_1_263' title='bbox 966 1328 1066 1364; x_wconf 84' lang='lat' dir='ltr'>Deus</span> <span class='ocrx_word' id='word_1_264' title='bbox 1093 1338 1211 1364; x_wconf 89' lang='lat' dir='ltr'>noster</span> <span class='ocrx_word' id='word_1_265' title='bbox 1228 1358 1236 1372; x_wconf 89' lang='lat'>‚</span> <span class='ocrx_word' id='word_1_266' title='bbox 1263 1337 1304 1364; x_wconf 84' lang='lat' dir='ltr'>ut</span> <span class='ocrx_word' id='word_1_267' title='bbox 1330 1337 1470 1364; x_wconf 87' lang='lat' dir='ltr'>nostrae</span> <span class='ocrx_word' id='word_1_268' title='bbox 1500 1329 1690 1376; x_wconf 83' lang='lat' dir='ltr'>theologiae</span> <span class='ocrx_word' id='word_1_269' title='bbox 1718 1329 1877 1364; x_wconf 83' lang='lat' dir='ltr'>doctrina</span> <span class='ocrx_word' id='word_1_270' title='bbox 1904 1329 2083 1378; x_wconf 87' lang='lat' dir='ltr'>percallet.</span> 
     </span>
     <span class='ocr_line' id='line_1_34' title="bbox 407 1389 2083 1439; baseline -0.002 -13"><span class='ocrx_word' id='word_1_271' title='bbox 407 1391 469 1426; x_wconf 79' lang='lat' dir='ltr'>Ait</span> <span class='ocrx_word' id='word_1_272' title='bbox 490 1391 585 1426; x_wconf 90' lang='lat' dir='ltr'>enim</span> <span class='ocrx_word' id='word_1_273' title='bbox 606 1391 666 1439; x_wconf 89' lang='lat' dir='ltr'>qui</span> <span class='ocrx_word' id='word_1_274' title='bbox 689 1389 952 1438; x_wconf 85' lang='lat' dir='ltr'>comprehendit</span> <span class='ocrx_word' id='word_1_275' title='bbox 969 1398 1143 1438; x_wconf 89' lang='lat' dir='ltr'>quatenus</span> <span class='ocrx_word' id='word_1_276' title='bbox 1163 1390 1435 1438; x_wconf 87' lang='lat' dir='ltr'>comprehensus</span> <span class='ocrx_word' id='word_1_277' title='bbox 1456 1390 1524 1424; x_wconf 88' lang='lat' dir='ltr'>fuit</span> <span class='ocrx_word' id='word_1_278' title='bbox 1542 1391 1576 1425; x_wconf 51' lang='grc' dir='ltr'>*ἢ</span> <span class='ocrx_word' id='word_1_279' title='bbox 1593 1396 1616 1410; x_wconf 81' lang='grc'>“</span> <span class='ocrx_word' id='word_1_280' title='bbox 1637 1390 1813 1438; x_wconf 85' lang='lat' dir='ltr'>quomodo</span> <span class='ocrx_word' id='word_1_281' title='bbox 1836 1398 1951 1438; x_wconf 89' lang='lat' dir='ltr'>patres</span> <span class='ocrx_word' id='word_1_282' title='bbox 1971 1389 2083 1424; x_wconf 88' lang='lat' dir='ltr'>nostri</span> 
     </span>
     <span class='ocr_line' id='line_1_35' title="bbox 411 1450 2084 1498; baseline -0.001 -11"><span class='ocrx_word' id='word_1_283' title='bbox 411 1481 434 1495; x_wconf 88' lang='lat'><strong>„</strong></span> <span class='ocrx_word' id='word_1_284' title='bbox 462 1465 585 1487; x_wconf 89' lang='lat' dir='ltr'>omnes</span> <span class='ocrx_word' id='word_1_285' title='bbox 607 1451 753 1486; x_wconf 84' lang='lat' dir='ltr'>eandem</span> <span class='ocrx_word' id='word_1_286' title='bbox 782 1464 894 1486; x_wconf 86' lang='lat' dir='ltr'>escam</span> <span class='ocrx_word' id='word_1_287' title='bbox 915 1450 1104 1498; x_wconf 85' lang='lat' dir='ltr'>spiritalem</span> <span class='ocrx_word' id='word_1_288' title='bbox 1123 1450 1452 1493; x_wconf 83' lang='lat' dir='ltr'>manducaverunt,</span> <span class='ocrx_word' id='word_1_289' title='bbox 1474 1458 1506 1485; x_wconf 89' lang='lat' dir='ltr'>et</span> <span class='ocrx_word' id='word_1_290' title='bbox 1528 1463 1648 1485; x_wconf 88' lang='lat' dir='ltr'>omnes</span> <span class='ocrx_word' id='word_1_291' title='bbox 1669 1450 1823 1485; x_wconf 83' lang='lat' dir='ltr'>eundem</span> <span class='ocrx_word' id='word_1_292' title='bbox 1846 1459 1970 1498; x_wconf 86' lang='lat' dir='ltr'>potum</span> <span class='ocrx_word' id='word_1_293' title='bbox 1989 1450 2084 1498; x_wconf 89' lang='lat' dir='ltr'>spiri-</span> 
     </span>
     <span class='ocr_line' id='line_1_36' title="bbox 414 1510 2084 1559; baseline -0.002 -12"><span class='ocrx_word' id='word_1_294' title='bbox 414 1541 436 1556; x_wconf 88' lang='lat'>„</span> <span class='ocrx_word' id='word_1_295' title='bbox 464 1512 568 1547; x_wconf 88' lang='lat' dir='ltr'>talem</span> <span class='ocrx_word' id='word_1_296' title='bbox 594 1512 770 1547; x_wconf 87' lang='lat' dir='ltr'>biberunt.</span> <span class='ocrx_word' id='word_1_297' title='bbox 798 1510 971 1546; x_wconf 78' lang='lat' dir='ltr'>Bibebant</span> <span class='ocrx_word' id='word_1_298' title='bbox 993 1510 1090 1546; x_wconf 89' lang='lat' dir='ltr'>enim</span> <span class='ocrx_word' id='word_1_299' title='bbox 1112 1524 1152 1546; x_wconf 85' lang='lat' dir='ltr'>ex</span> <span class='ocrx_word' id='word_1_300' title='bbox 1175 1510 1319 1558; x_wconf 85' lang='lat' dir='ltr'>spiritali</span> <span class='ocrx_word' id='word_1_301' title='bbox 1346 1519 1514 1559; x_wconf 89' lang='lat' dir='ltr'>sequente</span> <span class='ocrx_word' id='word_1_302' title='bbox 1537 1524 1595 1546; x_wconf 92' lang='lat' dir='ltr'>eos</span> <span class='ocrx_word' id='word_1_303' title='bbox 1616 1520 1731 1559; x_wconf 62' lang='lat' dir='ltr'>petra,</span> <span class='ocrx_word' id='word_1_304' title='bbox 1756 1519 1852 1558; x_wconf 87' lang='lat' dir='ltr'>petra</span> <span class='ocrx_word' id='word_1_305' title='bbox 1874 1518 1991 1545; x_wconf 90' lang='lat' dir='ltr'>autem</span> <span class='ocrx_word' id='word_1_306' title='bbox 2011 1518 2084 1545; x_wconf 87' lang='lat' dir='ltr'>erat</span> 
     </span>
     <span class='ocr_line' id='line_1_37' title="bbox 414 1570 2084 1619; baseline -0.001 -12"><span class='ocrx_word' id='word_1_307' title='bbox 414 1602 436 1617; x_wconf 85' lang='lat'>„</span> <span class='ocrx_word' id='word_1_308' title='bbox 468 1573 627 1608; x_wconf 88' lang='lat' dir='ltr'>Christus</span> <span class='ocrx_word' id='word_1_309' title='bbox 653 1574 680 1606; x_wconf 40' lang='grc' dir='ltr'>ᾖ.</span> <span class='ocrx_word' id='word_1_310' title='bbox 706 1600 729 1615; x_wconf 86' lang='lat'><em>„</em></span> <span class='ocrx_word' id='word_1_311' title='bbox 752 1570 825 1617; x_wconf 87' lang='lat' dir='ltr'>Qui</span> <span class='ocrx_word' id='word_1_312' title='bbox 846 1585 925 1606; x_wconf 88' lang='lat' dir='ltr'>vero</span> <span class='ocrx_word' id='word_1_313' title='bbox 946 1579 1130 1619; x_wconf 85' lang='lat' dir='ltr'>purgatum</span> <span class='ocrx_word' id='word_1_314' title='bbox 1151 1571 1441 1619; x_wconf 86' lang='lat' dir='ltr'>perlucidumque</span> <span class='ocrx_word' id='word_1_315' title='bbox 1472 1571 1606 1606; x_wconf 87' lang='lat' dir='ltr'>animae</span> <span class='ocrx_word' id='word_1_316' title='bbox 1628 1571 1770 1606; x_wconf 87' lang='lat' dir='ltr'>oculum</span> <span class='ocrx_word' id='word_1_317' title='bbox 1790 1571 1933 1606; x_wconf 85' lang='lat' dir='ltr'>habebat</span> <span class='ocrx_word' id='word_1_318' title='bbox 1954 1576 1977 1591; x_wconf 85' lang='lat'><strong>“</strong></span> <span class='ocrx_word' id='word_1_319' title='bbox 2001 1584 2084 1605; x_wconf 90' lang='lat' dir='ltr'>ecce</span> 
     </span>
     <span class='ocr_line' id='line_1_38' title="bbox 414 1630 2084 1682; baseline -0.001 -15"><span class='ocrx_word' id='word_1_320' title='bbox 414 1663 437 1677; x_wconf 87' lang='lat'><strong>„</strong></span> <span class='ocrx_word' id='word_1_321' title='bbox 464 1647 580 1682; x_wconf 84' lang='lat' dir='ltr'>pono,</span> <span class='ocrx_word' id='word_1_322' title='bbox 603 1632 717 1680; x_wconf 90' lang='lat' dir='ltr'>inquit</span> <span class='ocrx_word' id='word_1_323' title='bbox 737 1634 774 1674; x_wconf 62' lang='lat'>³³,</span> <span class='ocrx_word' id='word_1_324' title='bbox 797 1631 833 1666; x_wconf 89' lang='lat' dir='ltr'>in</span> <span class='ocrx_word' id='word_1_325' title='bbox 865 1631 973 1666; x_wconf 84' lang='lat' dir='ltr'>Sione</span> <span class='ocrx_word' id='word_1_326' title='bbox 1001 1631 1151 1679; x_wconf 86' lang='lat' dir='ltr'>lapidem</span> <span class='ocrx_word' id='word_1_327' title='bbox 1178 1631 1404 1674; x_wconf 84' lang='lat' dir='ltr'>offendiculi,</span> <span class='ocrx_word' id='word_1_328' title='bbox 1426 1639 1461 1666; x_wconf 90' lang='lat' dir='ltr'>et</span> <span class='ocrx_word' id='word_1_329' title='bbox 1480 1640 1613 1679; x_wconf 89' lang='lat' dir='ltr'>petram</span> <span class='ocrx_word' id='word_1_330' title='bbox 1633 1631 1808 1678; x_wconf 74' lang='lat' dir='ltr'>scandali3</span> <span class='ocrx_word' id='word_1_331' title='bbox 1830 1639 1862 1666; x_wconf 92' lang='lat' dir='ltr'>et</span> <span class='ocrx_word' id='word_1_332' title='bbox 1885 1630 1998 1665; x_wconf 89' lang='lat' dir='ltr'>omnis</span> <span class='ocrx_word' id='word_1_333' title='bbox 2021 1631 2084 1679; x_wconf 91' lang='lat' dir='ltr'>qui</span> 
     </span>
     <span class='ocr_line' id='line_1_39' title="bbox 416 1690 2091 1739; baseline -0.002 -11"><span class='ocrx_word' id='word_1_334' title='bbox 416 1723 438 1736; x_wconf 85' lang='lat'><strong>„</strong></span> <span class='ocrx_word' id='word_1_335' title='bbox 468 1693 579 1728; x_wconf 88' lang='lat' dir='ltr'>credit</span> <span class='ocrx_word' id='word_1_336' title='bbox 600 1692 637 1727; x_wconf 89' lang='lat' dir='ltr'>in</span> <span class='ocrx_word' id='word_1_337' title='bbox 659 1692 777 1734; x_wconf 88' lang='lat' dir='ltr'>illum,</span> <span class='ocrx_word' id='word_1_338' title='bbox 800 1705 872 1726; x_wconf 90' lang='lat' dir='ltr'>non</span> <span class='ocrx_word' id='word_1_339' title='bbox 895 1691 1135 1726; x_wconf 87' lang='lat' dir='ltr'>confundetur</span> <span class='ocrx_word' id='word_1_340' title='bbox 1159 1719 1182 1733; x_wconf 91' lang='lat'><strong>„</strong></span> <span class='ocrx_word' id='word_1_341' title='bbox 1204 1690 1292 1725; x_wconf 85' lang='lat' dir='ltr'>illud</span> <span class='ocrx_word' id='word_1_342' title='bbox 1316 1690 1460 1739; x_wconf 86' lang='lat' dir='ltr'>quidem</span> <span class='ocrx_word' id='word_1_343' title='bbox 1480 1699 1622 1738; x_wconf 88' lang='lat' dir='ltr'>propter</span> <span class='ocrx_word' id='word_1_344' title='bbox 1645 1692 1854 1733; x_wconf 81' lang='lat' dir='ltr'>offensores,</span> <span class='ocrx_word' id='word_1_345' title='bbox 1876 1691 1941 1725; x_wconf 88' lang='lat' dir='ltr'>hoc</span> <span class='ocrx_word' id='word_1_346' title='bbox 1968 1699 2091 1726; x_wconf 80' lang='lat' dir='ltr'>autem</span> 
     </span>
     <span class='ocr_line' id='line_1_40' title="bbox 412 1750 2086 1802; baseline -0.002 -14"><span class='ocrx_word' id='word_1_347' title='bbox 412 1762 550 1802; x_wconf 87' lang='lat' dir='ltr'>propter</span> <span class='ocrx_word' id='word_1_348' title='bbox 571 1753 766 1788; x_wconf 67' lang='lat' dir='ltr'>credentes</span> <span class='ocrx_word' id='word_1_349' title='bbox 793 1750 839 1786; x_wconf 80' lang='lat' dir='ltr'>Et</span> <span class='ocrx_word' id='word_1_350' title='bbox 859 1751 1002 1800; x_wconf 85' lang='lat' dir='ltr'>quidem</span> <span class='ocrx_word' id='word_1_351' title='bbox 1022 1750 1187 1799; x_wconf 82' lang='lat' dir='ltr'>Moysem</span> <span class='ocrx_word' id='word_1_352' title='bbox 1207 1765 1348 1799; x_wconf 91' lang='lat' dir='ltr'>quoque</span> <span class='ocrx_word' id='word_1_353' title='bbox 1369 1751 1500 1786; x_wconf 89' lang='lat' dir='ltr'>scimus</span> <span class='ocrx_word' id='word_1_354' title='bbox 1521 1751 1710 1799; x_wconf 84' lang='lat' dir='ltr'>aliquando</span> <span class='ocrx_word' id='word_1_355' title='bbox 1737 1759 1833 1799; x_wconf 88' lang='lat' dir='ltr'>petra</span> <span class='ocrx_word' id='word_1_356' title='bbox 1854 1765 1890 1785; x_wconf 89' lang='lat' dir='ltr'>se</span> <span class='ocrx_word' id='word_1_357' title='bbox 1912 1750 2086 1786; x_wconf 86' lang='lat' dir='ltr'>occuluis-</span> 
     </span>
     <span class='ocr_line' id='line_1_41' title="bbox 413 1811 2086 1863; baseline -0.002 -14"><span class='ocrx_word' id='word_1_358' title='bbox 413 1829 472 1857; x_wconf 89' lang='lat' dir='ltr'>se,</span> <span class='ocrx_word' id='word_1_359' title='bbox 493 1815 620 1863; x_wconf 80' lang='lat' dir='ltr'>vixque</span> <span class='ocrx_word' id='word_1_360' title='bbox 643 1813 741 1847; x_wconf 84' lang='lat' dir='ltr'>illinc</span> <span class='ocrx_word' id='word_1_361' title='bbox 768 1813 818 1847; x_wconf 92' lang='lat' dir='ltr'>sic</span> <span class='ocrx_word' id='word_1_362' title='bbox 840 1812 1008 1847; x_wconf 88' lang='lat' dir='ltr'>latentem</span> <span class='ocrx_word' id='word_1_363' title='bbox 1029 1811 1219 1860; x_wconf 86' lang='lat' dir='ltr'>posteriora</span> <span class='ocrx_word' id='word_1_364' title='bbox 1244 1811 1312 1846; x_wconf 80' lang='lat' dir='ltr'>Dei</span> <span class='ocrx_word' id='word_1_365' title='bbox 1338 1811 1464 1846; x_wconf 82' lang='lat' dir='ltr'>vidisse</span> <span class='ocrx_word' id='word_1_366' title='bbox 1485 1813 1523 1858; x_wconf 52' lang='grc' dir='ltr'>*Ξ</span> <span class='ocrx_word' id='word_1_367' title='bbox 1547 1825 1585 1846; x_wconf 89' lang='lat' dir='ltr'>ac</span> <span class='ocrx_word' id='word_1_368' title='bbox 1613 1812 1799 1860; x_wconf 86' lang='lat' dir='ltr'>symbolice</span> <span class='ocrx_word' id='word_1_369' title='bbox 1828 1812 1973 1847; x_wconf 87' lang='lat' dir='ltr'>obscura</span> <span class='ocrx_word' id='word_1_370' title='bbox 2001 1812 2086 1846; x_wconf 87' lang='lat' dir='ltr'>haec</span> 
     </span>
     <span class='ocr_line' id='line_1_42' title="bbox 413 1872 1333 1909; baseline -0.002 0"><span class='ocrx_word' id='word_1_371' title='bbox 413 1874 569 1909; x_wconf 88' lang='lat' dir='ltr'>salutaris</span> <span class='ocrx_word' id='word_1_372' title='bbox 594 1873 842 1908; x_wconf 83' lang='lat' dir='ltr'>incarnationis</span> <span class='ocrx_word' id='word_1_373' title='bbox 867 1872 999 1908; x_wconf 88' lang='lat' dir='ltr'>indicia</span> <span class='ocrx_word' id='word_1_374' title='bbox 1027 1872 1191 1907; x_wconf 88' lang='lat' dir='ltr'>edoctum</span> <span class='ocrx_word' id='word_1_375' title='bbox 1216 1872 1333 1907; x_wconf 83' lang='lat' dir='ltr'>fuisse.</span> 
     </span>
    </p>

    <p class='ocr_par' dir='ltr' id='par_1_15' title="bbox 414 1931 2093 2765">
     <span class='ocr_line' id='line_1_43' title="bbox 516 1931 2088 1982; baseline -0.001 -13"><span class='ocrx_word' id='word_1_376' title='bbox 516 1934 627 1969; x_wconf 89' lang='lat' dir='ltr'>Divus</span> <span class='ocrx_word' id='word_1_377' title='bbox 654 1947 792 1982; x_wconf 87' lang='lat' dir='ltr'>quoque</span> <span class='ocrx_word' id='word_1_378' title='bbox 813 1932 928 1967; x_wconf 83' lang='lat' dir='ltr'>David</span> <span class='ocrx_word' id='word_1_379' title='bbox 950 1933 987 1967; x_wconf 92' lang='lat' dir='ltr'>in</span> <span class='ocrx_word' id='word_1_380' title='bbox 1010 1940 1107 1981; x_wconf 88' lang='lat' dir='ltr'>petra</span> <span class='ocrx_word' id='word_1_381' title='bbox 1127 1946 1162 1967; x_wconf 93' lang='lat' dir='ltr'>se</span> <span class='ocrx_word' id='word_1_382' title='bbox 1185 1932 1301 1980; x_wconf 88' lang='lat' dir='ltr'>ipsum</span> <span class='ocrx_word' id='word_1_383' title='bbox 1327 1931 1428 1967; x_wconf 87' lang='lat' dir='ltr'>nobis</span> <span class='ocrx_word' id='word_1_384' title='bbox 1449 1932 1573 1967; x_wconf 87' lang='lat' dir='ltr'>obtulit</span> <span class='ocrx_word' id='word_1_385' title='bbox 1595 1932 1816 1967; x_wconf 83' lang='lat' dir='ltr'>sublimatum</span> <span class='ocrx_word' id='word_1_386' title='bbox 1836 1934 1863 1969; x_wconf 57' lang='grc' dir='ltr'>*ἦ</span> <span class='ocrx_word' id='word_1_387' title='bbox 1891 1931 1968 1967; x_wconf 78' lang='lat' dir='ltr'>Alia</span> <span class='ocrx_word' id='word_1_388' title='bbox 1988 1932 2088 1967; x_wconf 88' lang='lat' dir='ltr'>deni-</span> 
     </span>
     <span class='ocr_line' id='line_1_44' title="bbox 414 1992 2086 2043; baseline -0.002 -13"><span class='ocrx_word' id='word_1_389' title='bbox 414 2009 481 2043; x_wconf 88' lang='lat' dir='ltr'>que</span> <span class='ocrx_word' id='word_1_390' title='bbox 502 1993 703 2029; x_wconf 88' lang='lat' dir='ltr'>huiusmodi</span> <span class='ocrx_word' id='word_1_391' title='bbox 724 1994 761 2028; x_wconf 89' lang='lat' dir='ltr'>in</span> <span class='ocrx_word' id='word_1_392' title='bbox 784 1993 909 2028; x_wconf 86' lang='lat' dir='ltr'>divinis</span> <span class='ocrx_word' id='word_1_393' title='bbox 938 1993 1118 2041; x_wconf 88' lang='lat' dir='ltr'>scripturis</span> <span class='ocrx_word' id='word_1_394' title='bbox 1144 1992 1251 2027; x_wconf 84' lang='lat' dir='ltr'>relata</span> <span class='ocrx_word' id='word_1_395' title='bbox 1272 1992 1414 2040; x_wconf 86' lang='lat' dir='ltr'>mystice</span> <span class='ocrx_word' id='word_1_396' title='bbox 1436 1993 1525 2027; x_wconf 87' lang='lat' dir='ltr'>hanc</span> <span class='ocrx_word' id='word_1_397' title='bbox 1547 2002 1683 2040; x_wconf 87' lang='lat' dir='ltr'>petram</span> <span class='ocrx_word' id='word_1_398' title='bbox 1704 1993 1803 2028; x_wconf 83' lang='lat' dir='ltr'>nobis</span> <span class='ocrx_word' id='word_1_399' title='bbox 1825 1993 2086 2038; x_wconf 84' lang='lat' dir='ltr'>demonstrant3</span> 
     </span>
     <span class='ocr_line' id='line_1_45' title="bbox 417 2051 2087 2102; baseline -0.002 -12"><span class='ocrx_word' id='word_1_400' title='bbox 417 2056 517 2090; x_wconf 86' lang='lat' dir='ltr'>cuius</span> <span class='ocrx_word' id='word_1_401' title='bbox 544 2055 709 2089; x_wconf 84' lang='lat' dir='ltr'>scissuras</span> <span class='ocrx_word' id='word_1_402' title='bbox 737 2062 841 2102; x_wconf 88' lang='lat' dir='ltr'>atque</span> <span class='ocrx_word' id='word_1_403' title='bbox 871 2067 1034 2088; x_wconf 85' lang='lat' dir='ltr'>cavernas</span> <span class='ocrx_word' id='word_1_404' title='bbox 1062 2052 1309 2100; x_wconf 82' lang='lat' dir='ltr'>ingrediuntur</span> <span class='ocrx_word' id='word_1_405' title='bbox 1330 2052 1354 2086; x_wconf 90' lang='lat' dir='ltr'>ii</span> <span class='ocrx_word' id='word_1_406' title='bbox 1375 2053 1435 2100; x_wconf 89' lang='lat' dir='ltr'>qui</span> <span class='ocrx_word' id='word_1_407' title='bbox 1462 2052 1503 2086; x_wconf 82' lang='lat' dir='ltr'>ad</span> <span class='ocrx_word' id='word_1_408' title='bbox 1525 2053 1633 2100; x_wconf 87' lang='lat' dir='ltr'>ipsam</span> <span class='ocrx_word' id='word_1_409' title='bbox 1658 2053 1875 2100; x_wconf 84' lang='lat' dir='ltr'>confugiunt.</span> <span class='ocrx_word' id='word_1_410' title='bbox 1903 2051 2087 2100; x_wconf 86' lang='lat' dir='ltr'>Quaenam</span> 
     </span>
     <span class='ocr_line' id='line_1_46' title="bbox 417 2111 2089 2163; baseline -0.001 -14"><span class='ocrx_word' id='word_1_411' title='bbox 417 2129 517 2163; x_wconf 88' lang='lat' dir='ltr'>porro</span> <span class='ocrx_word' id='word_1_412' title='bbox 538 2115 599 2149; x_wconf 81' lang='lat' dir='ltr'>liae</span> <span class='ocrx_word' id='word_1_413' title='bbox 621 2123 704 2149; x_wconf 90' lang='lat' dir='ltr'>sunt</span> <span class='ocrx_word' id='word_1_414' title='bbox 731 2113 1003 2148; x_wconf 75' lang='lat' dir='ltr'>existimandae?</span> <span class='ocrx_word' id='word_1_415' title='bbox 1031 2112 1170 2161; x_wconf 87' lang='lat' dir='ltr'>Nempe</span> <span class='ocrx_word' id='word_1_416' title='bbox 1200 2112 1390 2160; x_wconf 87' lang='lat' dir='ltr'>theologiae</span> <span class='ocrx_word' id='word_1_417' title='bbox 1418 2112 1645 2148; x_wconf 87' lang='lat' dir='ltr'>sublimitates</span> <span class='ocrx_word' id='word_1_418' title='bbox 1675 2121 1710 2147; x_wconf 91' lang='lat' dir='ltr'>et</span> <span class='ocrx_word' id='word_1_419' title='bbox 1736 2127 1878 2156; x_wconf 83' lang='lat' dir='ltr'>arcana,</span> <span class='ocrx_word' id='word_1_420' title='bbox 1900 2122 1934 2147; x_wconf 89' lang='lat' dir='ltr'>et</span> <span class='ocrx_word' id='word_1_421' title='bbox 1957 2111 2089 2147; x_wconf 88' lang='lat' dir='ltr'>Christi</span> 
     </span>
     <span class='ocr_line' id='line_1_47' title="bbox 418 2172 2090 2222; baseline -0.001 -13"><span class='ocrx_word' id='word_1_422' title='bbox 418 2175 669 2210; x_wconf 82' lang='lat' dir='ltr'>incarnationis</span> <span class='ocrx_word' id='word_1_423' title='bbox 696 2174 819 2209; x_wconf 89' lang='lat' dir='ltr'>intima</span> <span class='ocrx_word' id='word_1_424' title='bbox 840 2188 880 2209; x_wconf 89' lang='lat' dir='ltr'>ac</span> <span class='ocrx_word' id='word_1_425' title='bbox 902 2173 1081 2208; x_wconf 82' lang='lat' dir='ltr'>recondita</span> <span class='ocrx_word' id='word_1_426' title='bbox 1102 2173 1284 2222; x_wconf 81' lang='lat' dir='ltr'>mysteria;</span> <span class='ocrx_word' id='word_1_427' title='bbox 1305 2173 1385 2221; x_wconf 89' lang='lat' dir='ltr'>quia</span> <span class='ocrx_word' id='word_1_428' title='bbox 1407 2173 1444 2207; x_wconf 92' lang='lat' dir='ltr'>in</span> <span class='ocrx_word' id='word_1_429' title='bbox 1467 2173 1540 2221; x_wconf 89' lang='lat' dir='ltr'>ipso</span> <span class='ocrx_word' id='word_1_430' title='bbox 1563 2182 1646 2208; x_wconf 90' lang='lat' dir='ltr'>sunt</span> <span class='ocrx_word' id='word_1_431' title='bbox 1668 2187 1787 2208; x_wconf 91' lang='lat' dir='ltr'>omnes</span> <span class='ocrx_word' id='word_1_432' title='bbox 1808 2172 1960 2208; x_wconf 85' lang='lat' dir='ltr'>thesauri</span> <span class='ocrx_word' id='word_1_433' title='bbox 1980 2173 2090 2207; x_wconf 89' lang='lat' dir='ltr'>scien-</span> 
     </span>
     <span class='ocr_line' id='line_1_48' title="bbox 418 2232 2089 2282; baseline -0.001 -13"><span class='ocrx_word' id='word_1_434' title='bbox 418 2234 480 2269; x_wconf 88' lang='lat' dir='ltr'>tiae</span> <span class='ocrx_word' id='word_1_435' title='bbox 502 2249 541 2269; x_wconf 86' lang='lat' dir='ltr'>ac</span> <span class='ocrx_word' id='word_1_436' title='bbox 562 2234 746 2282; x_wconf 89' lang='lat' dir='ltr'>sapientiae</span> <span class='ocrx_word' id='word_1_437' title='bbox 768 2233 983 2268; x_wconf 88' lang='lat' dir='ltr'>absconditis</span> <span class='ocrx_word' id='word_1_438' title='bbox 1001 2236 1036 2278; x_wconf 56' lang='grc' dir='ltr'>*ς</span> <span class='ocrx_word' id='word_1_439' title='bbox 1053 2247 1143 2282; x_wconf 88' lang='lat' dir='ltr'>quae</span> <span class='ocrx_word' id='word_1_440' title='bbox 1164 2233 1344 2281; x_wconf 81' lang='lat' dir='ltr'>mysteria,</span> <span class='ocrx_word' id='word_1_441' title='bbox 1363 2234 1474 2280; x_wconf 89' lang='lat' dir='ltr'>primo</span> <span class='ocrx_word' id='word_1_442' title='bbox 1496 2233 1640 2282; x_wconf 88' lang='lat' dir='ltr'>quidem</span> <span class='ocrx_word' id='word_1_443' title='bbox 1660 2233 1896 2268; x_wconf 89' lang='lat' dir='ltr'>innotuerunt</span> <span class='ocrx_word' id='word_1_444' title='bbox 1915 2232 1997 2281; x_wconf 88' lang='lat' dir='ltr'>ipsis</span> <span class='ocrx_word' id='word_1_445' title='bbox 2017 2246 2089 2280; x_wconf 90' lang='lat' dir='ltr'>spe-</span> 
     </span>
     <span class='ocr_line' id='line_1_49' title="bbox 419 2293 2088 2342; baseline -0.001 -13"><span class='ocrx_word' id='word_1_446' title='bbox 419 2295 608 2329; x_wconf 88' lang='lat' dir='ltr'>ctatoribus</span> <span class='ocrx_word' id='word_1_447' title='bbox 628 2295 721 2329; x_wconf 87' lang='lat' dir='ltr'>verbi</span> <span class='ocrx_word' id='word_1_448' title='bbox 743 2308 782 2329; x_wconf 84' lang='lat' dir='ltr'>ac</span> <span class='ocrx_word' id='word_1_449' title='bbox 805 2294 972 2329; x_wconf 87' lang='lat' dir='ltr'>ministris</span> <span class='ocrx_word' id='word_1_450' title='bbox 988 2295 1024 2339; x_wconf 61' lang='lat'>*3</span> <span class='ocrx_word' id='word_1_451' title='bbox 1043 2308 1106 2341; x_wconf 89' lang='lat' dir='ltr'>per</span> <span class='ocrx_word' id='word_1_452' title='bbox 1128 2293 1215 2341; x_wconf 90' lang='lat' dir='ltr'>ipsos</span> <span class='ocrx_word' id='word_1_453' title='bbox 1236 2301 1353 2328; x_wconf 88' lang='lat' dir='ltr'>autem</span> <span class='ocrx_word' id='word_1_454' title='bbox 1375 2294 1472 2328; x_wconf 87' lang='lat' dir='ltr'>nobis</span> <span class='ocrx_word' id='word_1_455' title='bbox 1493 2308 1655 2342; x_wconf 85' lang='lat' dir='ltr'>quoque,</span> <span class='ocrx_word' id='word_1_456' title='bbox 1673 2302 1846 2342; x_wconf 86' lang='lat' dir='ltr'>quantum</span> <span class='ocrx_word' id='word_1_457' title='bbox 1864 2293 1938 2328; x_wconf 87' lang='lat' dir='ltr'>fieri</span> <span class='ocrx_word' id='word_1_458' title='bbox 1956 2301 2088 2341; x_wconf 84' lang='lat' dir='ltr'>potest,</span> 
     </span>
     <span class='ocr_line' id='line_1_50' title="bbox 418 2353 2090 2402; baseline -0.001 -14"><span class='ocrx_word' id='word_1_459' title='bbox 418 2355 564 2402; x_wconf 87' lang='lat' dir='ltr'>posteris</span> <span class='ocrx_word' id='word_1_460' title='bbox 586 2354 725 2389; x_wconf 89' lang='lat' dir='ltr'>illorum</span> <span class='ocrx_word' id='word_1_461' title='bbox 745 2354 942 2389; x_wconf 86' lang='lat' dir='ltr'>revelantur</span> <span class='ocrx_word' id='word_1_462' title='bbox 964 2354 1206 2402; x_wconf 86' lang='lat' dir='ltr'>sapienterque</span> <span class='ocrx_word' id='word_1_463' title='bbox 1233 2354 1444 2402; x_wconf 88' lang='lat' dir='ltr'>aperiuntur.</span> <span class='ocrx_word' id='word_1_464' title='bbox 1474 2354 1659 2402; x_wconf 79' lang='lat' dir='ltr'>Siquidem</span> <span class='ocrx_word' id='word_1_465' title='bbox 1682 2369 1722 2389; x_wconf 82' lang='lat' dir='ltr'>ex</span> <span class='ocrx_word' id='word_1_466' title='bbox 1744 2354 1786 2389; x_wconf 91' lang='lat' dir='ltr'>iis</span> <span class='ocrx_word' id='word_1_467' title='bbox 1806 2354 1869 2402; x_wconf 88' lang='lat' dir='ltr'>qui</span> <span class='ocrx_word' id='word_1_468' title='bbox 1888 2353 1967 2388; x_wconf 87' lang='lat' dir='ltr'>talia</span> <span class='ocrx_word' id='word_1_469' title='bbox 1991 2367 2090 2388; x_wconf 88' lang='lat' dir='ltr'>evan·</span> 
     </span>
     <span class='ocr_line' id='line_1_51' title="bbox 419 2413 2089 2463; baseline -0.001 -14"><span class='ocrx_word' id='word_1_470' title='bbox 419 2415 675 2461; x_wconf 86' lang='lat' dir='ltr'>gelizaverunt,</span> <span class='ocrx_word' id='word_1_471' title='bbox 696 2414 846 2449; x_wconf 87' lang='lat' dir='ltr'>tonitrui</span> <span class='ocrx_word' id='word_1_472' title='bbox 872 2414 1021 2463; x_wconf 86' lang='lat' dir='ltr'>quidem</span> <span class='ocrx_word' id='word_1_473' title='bbox 1047 2414 1141 2449; x_wconf 89' lang='lat' dir='ltr'>filius</span> <span class='ocrx_word' id='word_1_474' title='bbox 1168 2428 1319 2463; x_wconf 88' lang='lat' dir='ltr'>superne</span> <span class='ocrx_word' id='word_1_475' title='bbox 1349 2415 1558 2462; x_wconf 87' lang='lat' dir='ltr'>inspiratus,</span> <span class='ocrx_word' id='word_1_476' title='bbox 1580 2423 1687 2463; x_wconf 88' lang='lat' dir='ltr'>atque</span> <span class='ocrx_word' id='word_1_477' title='bbox 1715 2414 1757 2449; x_wconf 89' lang='lat' dir='ltr'>ad</span> <span class='ocrx_word' id='word_1_478' title='bbox 1787 2413 2089 2461; x_wconf 89' lang='lat' dir='ltr'>contemplationis</span> 
     </span>
     <span class='ocr_line' id='line_1_52' title="bbox 420 2473 2091 2524; baseline -0.002 -14"><span class='ocrx_word' id='word_1_479' title='bbox 420 2476 552 2524; x_wconf 82' lang='lat' dir='ltr'>apicem</span> <span class='ocrx_word' id='word_1_480' title='bbox 581 2474 802 2523; x_wconf 87' lang='lat' dir='ltr'>purissimam</span> <span class='ocrx_word' id='word_1_481' title='bbox 828 2488 926 2509; x_wconf 88' lang='lat' dir='ltr'>suam</span> <span class='ocrx_word' id='word_1_482' title='bbox 946 2483 979 2510; x_wconf 89' lang='lat' dir='ltr'>et</span> <span class='ocrx_word' id='word_1_483' title='bbox 999 2474 1213 2510; x_wconf 86' lang='lat' dir='ltr'>defaecatam</span> <span class='ocrx_word' id='word_1_484' title='bbox 1242 2483 1393 2510; x_wconf 89' lang='lat' dir='ltr'>mentem</span> <span class='ocrx_word' id='word_1_485' title='bbox 1423 2475 1609 2517; x_wconf 75' lang='lat' dir='ltr'>extollens,</span> <span class='ocrx_word' id='word_1_486' title='bbox 1631 2483 1664 2509; x_wconf 90' lang='lat' dir='ltr'>et</span> <span class='ocrx_word' id='word_1_487' title='bbox 1685 2474 1812 2508; x_wconf 80' lang='lat' dir='ltr'>divinis</span> <span class='ocrx_word' id='word_1_488' title='bbox 1839 2474 1940 2508; x_wconf 88' lang='lat' dir='ltr'>rebus</span> <span class='ocrx_word' id='word_1_489' title='bbox 1967 2473 2091 2508; x_wconf 87' lang='lat' dir='ltr'>divini-</span> 
     </span>
     <span class='ocr_line' id='line_1_53' title="bbox 421 2533 2092 2583; baseline -0.001 -13"><span class='ocrx_word' id='word_1_490' title='bbox 421 2545 474 2570; x_wconf 87' lang='lat' dir='ltr'>tus</span> <span class='ocrx_word' id='word_1_491' title='bbox 502 2535 684 2577; x_wconf 88' lang='lat' dir='ltr'>initiatus,</span> <span class='ocrx_word' id='word_1_492' title='bbox 707 2534 804 2569; x_wconf 88' lang='lat' dir='ltr'>illinc</span> <span class='ocrx_word' id='word_1_493' title='bbox 832 2535 931 2569; x_wconf 89' lang='lat' dir='ltr'>nobis</span> <span class='ocrx_word' id='word_1_494' title='bbox 952 2534 1059 2570; x_wconf 73' lang='lat' dir='ltr'>Verbi</span> <span class='ocrx_word' id='word_1_495' title='bbox 1083 2548 1165 2570; x_wconf 92' lang='lat' dir='ltr'>cum</span> <span class='ocrx_word' id='word_1_496' title='bbox 1185 2543 1282 2583; x_wconf 88' lang='lat' dir='ltr'>patre</span> <span class='ocrx_word' id='word_1_497' title='bbox 1305 2549 1368 2570; x_wconf 90' lang='lat' dir='ltr'>suo</span> <span class='ocrx_word' id='word_1_498' title='bbox 1392 2535 1635 2570; x_wconf 89' lang='lat' dir='ltr'>aeternitatem</span> <span class='ocrx_word' id='word_1_499' title='bbox 1662 2547 1850 2582; x_wconf 87' lang='lat' dir='ltr'>paremque</span> <span class='ocrx_word' id='word_1_500' title='bbox 1876 2533 2092 2568; x_wconf 82' lang='lat' dir='ltr'>maiestatem</span> 
     </span>
     <span class='ocr_line' id='line_1_54' title="bbox 420 2593 2092 2643; baseline -0.001 -13"><span class='ocrx_word' id='word_1_501' title='bbox 420 2596 625 2631; x_wconf 86' lang='lat' dir='ltr'>illucescere</span> <span class='ocrx_word' id='word_1_502' title='bbox 654 2595 757 2637; x_wconf 84' lang='lat' dir='ltr'>fecit,</span> <span class='ocrx_word' id='word_1_503' title='bbox 780 2595 814 2628; x_wconf 91' lang='lat' dir='ltr'>in</span> <span class='ocrx_word' id='word_1_504' title='bbox 842 2595 1013 2643; x_wconf 89' lang='lat' dir='ltr'>principio</span> <span class='ocrx_word' id='word_1_505' title='bbox 1043 2610 1114 2630; x_wconf 84' lang='lat' dir='ltr'>esse</span> <span class='ocrx_word' id='word_1_506' title='bbox 1139 2595 1321 2639; x_wconf 79' lang='lat' dir='ltr'>Verbum,</span> <span class='ocrx_word' id='word_1_507' title='bbox 1348 2604 1382 2631; x_wconf 90' lang='lat' dir='ltr'>et</span> <span class='ocrx_word' id='word_1_508' title='bbox 1410 2609 1480 2630; x_wconf 84' lang='lat' dir='ltr'>esse</span> <span class='ocrx_word' id='word_1_509' title='bbox 1509 2595 1602 2643; x_wconf 81' lang='lat' dir='ltr'>apud</span> <span class='ocrx_word' id='word_1_510' title='bbox 1631 2593 1766 2637; x_wconf 87' lang='lat' dir='ltr'>Deum,</span> <span class='ocrx_word' id='word_1_511' title='bbox 1793 2602 1825 2628; x_wconf 90' lang='lat' dir='ltr'>et</span> <span class='ocrx_word' id='word_1_512' title='bbox 1853 2593 1970 2629; x_wconf 86' lang='lat' dir='ltr'>Deum</span> <span class='ocrx_word' id='word_1_513' title='bbox 1999 2608 2092 2636; x_wconf 89' lang='lat' dir='ltr'>esse,</span> 
     </span>
     <span class='ocr_line' id='line_1_55' title="bbox 421 2654 2093 2702; baseline -0.002 -10"><span class='ocrx_word' id='word_1_514' title='bbox 421 2656 601 2692; x_wconf 88' lang='lat' dir='ltr'>declarans</span> <span class='ocrx_word' id='word_1_515' title='bbox 631 2664 665 2690; x_wconf 89' lang='lat' dir='ltr'>et</span> <span class='ocrx_word' id='word_1_516' title='bbox 694 2655 966 2690; x_wconf 85' lang='lat' dir='ltr'>manifestissime</span> <span class='ocrx_word' id='word_1_517' title='bbox 1001 2656 1141 2692; x_wconf 83' lang='lat' dir='ltr'>docens.</span> <span class='ocrx_word' id='word_1_518' title='bbox 1177 2655 1249 2702; x_wconf 86' lang='lat' dir='ltr'>Qui</span> <span class='ocrx_word' id='word_1_519' title='bbox 1279 2670 1362 2692; x_wconf 90' lang='lat' dir='ltr'>sane</span> <span class='ocrx_word' id='word_1_520' title='bbox 1393 2656 1528 2691; x_wconf 85' lang='lat' dir='ltr'>divinae</span> <span class='ocrx_word' id='word_1_521' title='bbox 1560 2654 1888 2696; x_wconf 87' lang='lat' dir='ltr'>condescensionis,</span> <span class='ocrx_word' id='word_1_522' title='bbox 1917 2662 2093 2702; x_wconf 88' lang='lat' dir='ltr'>quantum</span> 
     </span>
     <span class='ocr_line' id='line_1_56' title="bbox 422 2714 2092 2765; baseline -0.002 -13"><span class='ocrx_word' id='word_1_523' title='bbox 422 2718 528 2762; x_wconf 76' lang='lat' dir='ltr'>gratia</span> <span class='ocrx_word' id='word_1_524' title='bbox 555 2729 636 2752; x_wconf 90' lang='lat' dir='ltr'>eum</span> <span class='ocrx_word' id='word_1_525' title='bbox 664 2715 878 2758; x_wconf 86' lang='lat' dir='ltr'>illustrabat,</span> <span class='ocrx_word' id='word_1_526' title='bbox 900 2717 1174 2763; x_wconf 80' lang='lat' dir='ltr'>profunditatem</span> <span class='ocrx_word' id='word_1_527' title='bbox 1201 2726 1412 2765; x_wconf 85' lang='lat' dir='ltr'>penetrans,</span> <span class='ocrx_word' id='word_1_528' title='bbox 1438 2716 1515 2750; x_wconf 89' lang='lat' dir='ltr'>lesu</span> <span class='ocrx_word' id='word_1_529' title='bbox 1545 2715 1678 2750; x_wconf 86' lang='lat' dir='ltr'>Christi</span> <span class='ocrx_word' id='word_1_530' title='bbox 1706 2715 1962 2761; x_wconf 82' lang='lat' dir='ltr'>generationem</span> <span class='ocrx_word' id='word_1_531' title='bbox 1987 2714 2092 2760; x_wconf 82' lang='lat' dir='ltr'>digne</span> 
     </span>
    </p>
   </div>
   <div class='ocr_carea' id='block_1_15' title="bbox 424 2801 2092 2874">
    <p class='ocr_par' dir='ltr' id='par_1_16' title="bbox 424 2801 2092 2874">
     <span class='ocr_line' id='line_1_57' title="bbox 504 2801 2092 2838; baseline -0.001 -8"><span class='ocrx_word' id='word_1_532' title='bbox 504 2807 537 2835; x_wconf 59' lang='lat'>21&gt;</span> <span class='ocrx_word' id='word_1_533' title='bbox 556 2803 667 2838; x_wconf 83' lang='lat' dir='ltr'>Legesis</span> <span class='ocrx_word' id='word_1_534' title='bbox 686 2802 833 2829; x_wconf 83' lang='lat' dir='ltr'>Libanium</span> <span class='ocrx_word' id='word_1_535' title='bbox 853 2802 886 2829; x_wconf 84' lang='lat' dir='ltr'>de</span> <span class='ocrx_word' id='word_1_536' title='bbox 906 2803 1049 2837; x_wconf 74' lang='lat' dir='ltr'>gentilium</span> <span class='ocrx_word' id='word_1_537' title='bbox 1070 2803 1194 2838; x_wconf 71' lang='lat' dir='ltr'>templiS,</span> <span class='ocrx_word' id='word_1_538' title='bbox 1215 2812 1277 2830; x_wconf 87' lang='lat' dir='ltr'>cum</span> <span class='ocrx_word' id='word_1_539' title='bbox 1297 2808 1390 2831; x_wconf 88' lang='lat' dir='ltr'>nostro</span> <span class='ocrx_word' id='word_1_540' title='bbox 1408 2802 1613 2838; x_wconf 84' lang='lat' dir='ltr'>supplemento:</span> <span class='ocrx_word' id='word_1_541' title='bbox 1634 2809 1682 2828; x_wconf 78' lang='lat' dir='ltr'>nec</span> <span class='ocrx_word' id='word_1_542' title='bbox 1702 2809 1757 2829; x_wconf 91' lang='lat' dir='ltr'>non</span> <span class='ocrx_word' id='word_1_543' title='bbox 1777 2801 1878 2829; x_wconf 84' lang='lat' dir='ltr'>editam</span> <span class='ocrx_word' id='word_1_544' title='bbox 1898 2810 1913 2829; x_wconf 86' lang='lat' dir='ltr'>a</span> <span class='ocrx_word' id='word_1_545' title='bbox 1932 2801 2011 2828; x_wconf 88' lang='lat' dir='ltr'>nobis</span> <span class='ocrx_word' id='word_1_546' title='bbox 2030 2801 2092 2828; x_wconf 80' lang='lat' dir='ltr'>item</span> 
     </span>
     <span class='ocr_line' id='line_1_58' title="bbox 424 2846 845 2874; baseline -0.002 -1"><span class='ocrx_word' id='word_1_547' title='bbox 424 2848 450 2873; x_wconf 82' lang='lat' dir='ltr'>S.</span> <span class='ocrx_word' id='word_1_548' title='bbox 472 2847 588 2874; x_wconf 80' lang='lat' dir='ltr'>Artemii</span> <span class='ocrx_word' id='word_1_549' title='bbox 608 2846 734 2874; x_wconf 77' lang='lat' dir='ltr'>martvris</span> <span class='ocrx_word' id='word_1_550' title='bbox 753 2847 845 2873; x_wconf 76' lang='lat' dir='ltr'>vitam.</span> 
     </span>
    </p>
   </div>
  </div>
 </body>
</html>
