2203 3331
172 439 180 448 ·
197 438 264 458 Hrbr.
282 438 329 458 XII.
343 441 373 458 Η.

151 1225 160 1235 ’
175 1224 190 1244 1.
213 1225 265 1244 sim⁴
277 1225 315 1245 111.
328 1228 358 1245 [ἃ.

150 1342 258 1363 ⁷11⁴(30r.
274 1344 300 1365 ΣΙ
324 1347 355 1364 Di.

226 1824 262 1845 Gr.
279 1830 299 1851 ῃ.
316 1828 349 1846 Ge.

162 1888 171 1897 '
188 1886 235 1906 loli⁴
254 1887 311 1907 MV.
327 1891 347 1909 G.

165 1950 170 1957 '
188 1949 244 1968 Han.
260 1948 298 1969 111.
315 1952 347 1970 27.

169 2008 178 2051 ζ
195 2005 222 2051 11),
245 2006 347 2027 cxviii.

419 181 483 216 193
1005 191 1034 215 s.
1061 192 1230 216 sicrrnoin
1257 190 1493 214 Arotocaticrs

417 246 481 281 etis
504 245 647 280 demum
673 243 856 294 scripturis
877 243 1053 282 notificati.
1081 246 1142 281 Est
1169 254 1286 281 autem
1314 246 1400 279 baec
1428 243 1607 278 servatoris
1635 244 1747 279 nostri
1768 243 1848 280 Iesu
1873 242 2012 279 Christi
2040 245 2092 281 in-

415 304 589 347 carnatio,
609 317 710 353 quam
732 305 886 353 benigne
911 307 1055 342 humani
1083 306 1217 354 generis
1245 318 1347 340 causa
1376 311 1575 353 susceptam
1604 304 1780 348 ostendit,
1802 318 1885 340 cum
1911 304 2084 340 bonorum

414 365 496 400 inde
519 373 721 400 secutorum
742 366 867 401 notitia
886 380 924 402 ac
945 381 1013 415 spe.
1035 367 1078 402 Et
1098 367 1237 415 siquem
1256 365 1431 400 adibimus
1455 364 1625 411 evangelii
1646 379 1877 413 praeconem,
1895 365 1981 400 haec
2001 379 2083 401 eum

411 425 587 460 dicentem
613 425 796 461 audiemus
818 428 853 462 ²⁵:
874 433 897 448 ‘⁶
921 441 991 462 non
1020 427 1114 461 enim
1140 426 1329 461 accessistis
1358 425 1399 459 ad
1429 424 1646 460 tractabilem
1673 433 1847 467 montem,
1871 434 1905 460 et
1931 425 2084 460 accensi-

414 514 435 528 „
465 485 570 520 bilem
591 486 732 533 ignem,
756 495 788 521 et
811 487 993 534 caliginem
1015 501 1055 521 ac
1078 487 1288 535 procellam,
1313 494 1347 520 et
1377 485 1479 520 tubae
1505 499 1628 519 sonum
1643 513 1651 527 ,
1675 493 1707 519 et
1730 499 1849 520 vocem
1875 486 2080 531 verborum;

411 575 433 589 „
462 560 566 594 quam
595 546 657 595 qui
683 547 873 582 audierunt
902 556 1155 583 excusaverunt
1184 561 1240 589 se,
1266 561 1310 581 ne
1341 547 1386 580 eis
1415 546 1515 580 fieret
1543 546 1709 591 verbum3
1734 559 1806 580 non
1836 546 1933 581 enim
1961 546 2080 582 tolera-

409 636 431 649 „
462 608 544 642 bant
566 607 662 656 quod
683 608 930 653 intimabatur;
956 609 1013 643 sed
1035 608 1226 643 accessistis
1247 608 1287 643 ad
1314 608 1398 642 Sion
1423 616 1599 649 montem,
1622 615 1655 641 et
1678 607 1854 641 civitatem
1874 606 1941 642 Dei
1962 607 2081 642 viven-

408 696 430 710 „
459 668 521 711 tis,
544 667 760 704 Hierusalem
789 669 999 711 caelestem,
1023 678 1056 703 et
1084 669 1278 704 multorum
1306 669 1439 703 milium
1467 668 1667 715 angelorum
1688 667 1942 716 frequentiam,
1966 676 2000 702 et
2027 682 2080 702 ec·

406 756 428 770 „
459 728 598 763 ‹rlesiam
626 729 882 776 primitivorum
912 729 973 777 qui
1001 729 1187 776 conscripti
1208 737 1289 763 sunt
1313 729 1348 762 in
1374 728 1496 770 caelis,
1519 737 1552 763 et
1580 727 1735 762 iudicem
1763 728 1919 762 omnium
1939 727 2077 771 Deum,

405 816 427 830 „
457 797 491 822 et
517 788 559 823 ad
586 788 729 837 spiritus
759 789 936 824 iustorum
965 790 1219 837 perfectorum,
1243 797 1278 823 et
1306 788 1499 823 testamenti
1527 788 1603 822 novi
1633 787 1861 822 mediatorem
1883 786 2020 830 Iesum,
2044 795 2078 822 et

404 876 426 890 „
456 849 636 895 sanguinis
657 849 892 896 aspersionem
913 848 1038 883 melius
1061 849 1265 896 loquentem
1287 862 1393 897 quam
1416 848 1516 884 Abel.
1542 877 1564 891 „
1588 848 1646 883 Sic
1675 848 1783 895 igitur
1809 856 1884 882 tum
1905 848 2078 896 propheti·

402 922 462 942 cus
489 922 600 943 sermo
614 937 621 951 ,
643 917 720 943 tum
740 908 845 943 ctiam
867 908 1055 956 apostoliea
1079 908 1291 956 praedicatio
1312 917 1465 943 mentem
1489 917 1642 944 nostram
1663 910 1704 943 ad
1727 908 1886 944 caelestia
1915 908 2075 954 erigunt,

401 977 435 1002 et
455 982 544 1016 quae
565 977 646 1003 sunt
676 968 746 1003 illic
770 968 889 1016 pulcra
913 969 1063 1015 cogitare
1087 977 1120 1002 et
1150 968 1403 1016 contemplari,
1425 977 1532 1017 atque
1562 969 1755 1005 incolarum
1784 968 1920 1003 illorum
1940 982 1979 1002 ac
2002 968 2077 1002 feli-

400 1029 496 1063 cium
519 1038 717 1064 sanctorum
740 1037 896 1076 spectare
920 1038 1132 1063 conventum
1154 1029 1355 1071 hortantur,
1379 1038 1412 1064 et
1436 1030 1631 1076 evangelica
1652 1030 1751 1064 nobis
1771 1029 1949 1064 insinuant
1971 1037 2075 1076 atque

398 1089 583 1123 notificant
611 1089 781 1123 divinitus
810 1089 980 1136 fulgentia
1008 1097 1040 1123 et
1061 1089 1209 1135 insignia
1231 1089 1396 1136 dogmata.
1424 1088 1560 1124 Domus
1582 1089 1671 1133 Dei,
1695 1090 1837 1124 ecclesia
1857 1088 1926 1124 Dei
1953 1097 2001 1124 est
2029 1089 2075 1123 vi-

397 1148 548 1191 delicet,
572 1150 664 1184 sieut
691 1149 832 1184 videtur
853 1150 957 1184 etiam
984 1149 1063 1184 divo
1092 1149 1204 1185 Paulo
1228 1150 1263 1184 in
1294 1150 1437 1198 epistola
1460 1151 1503 1186 ad
1533 1150 1778 1192 Timotheum,
1800 1150 1861 1185 ubi
1887 1150 2075 1184 sciendum

395 1208 443 1243 ait
469 1210 487 1229 ¹*
513 1216 535 1230 “
565 1209 740 1257 quomodo
770 1218 927 1258 oporteat
955 1210 991 1244 in
1019 1209 1121 1245 domo
1150 1209 1219 1244 Dei
1247 1211 1466 1254 conversari,
1488 1225 1577 1259 quae
1607 1219 1655 1245 est
1682 1210 1824 1246 ecclesia
1852 1209 1919 1244 Dei
1944 1210 2020 1245 vivi.
2050 1238 2072 1251 „

395 1268 495 1303 Tales
516 1279 599 1304 sunt
623 1270 844 1306 credentium
865 1271 1022 1313 animae,
1044 1271 1206 1306 doctrina
1226 1280 1319 1306 recta
1342 1280 1375 1306 et
1397 1272 1525 1319 optima
1546 1272 1637 1306 vitae
1658 1271 1792 1306 ratione
1814 1279 1998 1318 purgatae,
2020 1285 2073 1305 su-

393 1343 554 1377 premum
575 1330 694 1366 Deum
722 1331 757 1365 in
787 1345 821 1365 se
848 1331 1013 1365 habentes
1041 1331 1216 1374 incolam,
1237 1341 1341 1380 prout
1369 1332 1505 1367 dictum
1526 1341 1577 1367 est
1596 1333 1632 1368 ¹²¹²:
1654 1338 1677 1353 ‘⁵
1701 1331 1864 1366 habitabo
1892 1331 1927 1365 in
1955 1331 2071 1371 vobis,

395 1418 417 1433 „
447 1399 482 1425 et
508 1391 754 1434 inambulabo,
780 1400 813 1426 et
837 1406 897 1426 ero
925 1392 1065 1427 illorum
1088 1391 1209 1435 Deus,
1232 1401 1267 1427 et
1291 1393 1355 1440 ipsi
1380 1401 1487 1428 erunt
1510 1393 1595 1428 mihi
1618 1393 1776 1441 populus.
1807 1421 1829 1435 ‚,

496 1450 556 1486 Sic
581 1451 747 1486 nimirum
768 1451 984 1487 admirabilis
1006 1452 1131 1488 domus
1152 1452 1189 1487 in
1213 1453 1340 1488 vertice
1363 1453 1537 1488 montium
1563 1453 1777 1488 excelsorum
1805 1461 1911 1501 atque
1932 1452 1968 1487 in
1992 1466 2072 1487 con-

389 1511 617 1559 templatione
639 1512 944 1560 proficiscentium
963 1513 1108 1548 fundata
1129 1522 1196 1555 est,
1214 1527 1367 1561 quorum
1388 1521 1523 1548 mentes
1541 1521 1576 1548 et
1594 1513 1820 1560 cogitationes
1840 1513 1989 1548 terrenis
2008 1513 2071 1547 hu-

389 1571 605 1621 milibusque
636 1574 740 1608 rebus
772 1582 994 1621 superstant,
1023 1582 1056 1608 et
1089 1588 1106 1608 a
1136 1573 1313 1622 prophetis
1342 1573 1470 1609 sanctis
1502 1582 1606 1621 atque
1634 1573 1795 1622 apostolis
1826 1573 2070 1609 illustrantur:

386 1646 493 1680 super
520 1633 649 1681 quibus
678 1633 787 1668 veluti
810 1633 893 1668 fidei
913 1633 1152 1668 fundamentis
1181 1633 1329 1669 ecclesia
1349 1633 1417 1668 Dei
1437 1634 1617 1669 aedificata
1638 1634 1787 1668 firmiter
1812 1633 1983 1668 consistit.
2010 1633 2068 1667 Ad

386 1693 484 1728 hunc
512 1694 629 1741 itaque
659 1702 817 1729 montem
846 1693 1058 1742 domumque
1080 1694 1123 1730 de
1148 1694 1340 1743 longinquo
1369 1703 1488 1742 gentes
1516 1702 1793 1736 concurrentes,
1815 1693 2068 1742 propemodum

386 1753 530 1800 publico
559 1753 710 1788 consilio
738 1754 965 1796 decernunt,
995 1754 1037 1788 ad
1067 1755 1136 1789 iter
1162 1754 1245 1789 hinc
1280 1754 1364 1789 illuc
1396 1754 1658 1802 suscipiendum
1687 1753 1839 1788 invicem
1868 1754 2065 1795 hortantes,

386 1813 675 1862 quandoquidem
704 1815 772 1848 iam
799 1814 1004 1849 nuncianda
1032 1815 1114 1863 ipsis
1143 1823 1216 1850 erat
1244 1815 1296 1850 via
1324 1815 1402 1857 illa,
1424 1828 1531 1863 quam
1553 1814 1691 1862 ingredi
1712 1815 1921 1861 satagebant.
1950 1812 2068 1859 Quae-

385 1888 467 1909 nam
495 1888 597 1923 porro
617 1875 703 1910 -iiaec
725 1875 778 1909 via
799 1875 864 1917 sit,
887 1875 958 1923 ipse
979 1873 1156 1910 Dominus
1178 1875 1213 1909 in
1236 1875 1423 1922 evangeliis
1452 1875 1576 1910 clamat
1596 1876 1632 1911 ¹⁶:
1653 1881 1676 1896 “
1700 1888 1761 1921 ego
1788 1888 1866 1909 sum
1886 1875 1938 1908 via
1959 1883 1991 1909 et
2014 1889 2066 1908 ve-

387 1963 410 1977 „
437 1935 529 1971 ritas.
553 1934 618 1977 Et,
636 1935 711 1969 viae
734 1934 881 1969 Domini
902 1943 1036 1978 rectae,
1057 1944 1090 1970 et
1112 1935 1258 1970 semitae
1281 1949 1382 1970 verae
1398 1937 1425 1970 *ἦ
1446 1964 1468 1978 ,,
1488 1935 1531 1970 In
1552 1948 1659 1983 quam
1675 1935 1766 1969 viam
1785 1949 1819 1970 se
1837 1934 1967 1970 deduci
1990 1949 2066 1969 san-

385 1995 432 2030 cti
459 1995 526 2029 viri
554 1995 638 2030 olim
658 1995 699 2030 ab
720 1995 905 2047 universali
926 1994 1002 2030 Deo
1023 1996 1258 2044 precabantur
1284 1997 1311 2031 *ἦ
1340 1995 1439 2030 Hanc
1467 1995 1588 2044 itaque
1616 1995 1706 2030 viam
1728 1995 1955 2044 semitamque
1980 1995 2063 2030 satis

382 2056 518 2104 planam
540 2065 573 2092 et
594 2056 729 2091 facilem
752 2057 910 2104 gentium
939 2056 1085 2092 ecclesia
1108 2066 1244 2100 terens,
1266 2072 1306 2092 ex
1327 2065 1466 2092 terrena
1495 2071 1557 2092 sua
1585 2057 1793 2092 infidelitate
1815 2057 1857 2092 ad
1879 2057 2061 2092 sublimem

379 2117 533 2163 assurgit
559 2117 698 2152 divinae
724 2117 897 2152 scientiae
927 2131 1110 2153 ascensum
1133 2126 1167 2153 et
1189 2132 1377 2166 supernam
1398 2118 1521 2153 urbem
1544 2117 1762 2152 Hierusalem
1777 2146 1784 2159 ,
1806 2118 2062 2166 sempiternam

380 2185 584 2212 sanctorum
606 2177 846 2225 metropolim3
863 2186 967 2226 atque
988 2178 1074 2213 hinc
1095 2179 1265 2226 profecta,
1287 2178 1463 2227 praesenti
1485 2179 1631 2213 decurso
1652 2186 1825 2226 tempore,
1844 2178 2059 2213 sabbatizare

379 2246 414 2271 et
442 2238 666 2286 requiescere
689 2238 756 2272 fide
780 2253 840 2273 sna
862 2246 1027 2286 expectat.
1056 2238 1176 2274 Facile
1199 2247 1319 2274 autem
1339 2239 1452 2287 quivis
1473 2247 1657 2287 cognoscet
1682 2239 1881 2287 prophetici
1902 2238 1987 2273 dicti
2008 2253 2061 2273 ve—

378 2297 518 2332 ritatem
546 2311 585 2332 ac
613 2298 862 2333 sinceritatem.
892 2298 1055 2347 Namque
1080 2308 1113 2334 et
1134 2299 1170 2333 in
1192 2299 1296 2334 sacris
1317 2300 1477 2335 domibus
1492 2329 1499 2343 ‚
1523 2300 1558 2334 id
1582 2308 1630 2334 est
1652 2299 1781 2334 divinis
1807 2299 1962 2347 templis,
1985 2299 2059 2334 ubi-

377 2371 446 2405 que
478 2366 651 2392 terrarum
678 2359 799 2406 sparsis
813 2387 821 2401 ,
843 2359 1125 2395 sanctificatione
1147 2369 1181 2395 et
1202 2360 1306 2406 gloria
1334 2360 1499 2396 decenter
1527 2360 1658 2395 ornatis
1681 2369 1715 2395 et
1736 2360 1826 2394 bene
1851 2360 2035 2395 instructis
2049 2388 2057 2399 ,

376 2418 626 2466 montibusque
656 2419 820 2454 uberibus
849 2421 1115 2468 comparandis,
1142 2435 1182 2456 ae
1210 2421 1396 2469 profundis
1423 2421 1626 2456 nemoribus
1653 2421 1768 2455 densis
1797 2429 1830 2455 et
1858 2421 2055 2462 fruticosis,

376 2487 571 2525 purgantur
590 2479 741 2526 peccatis
763 2480 943 2524 homines,
966 2482 1080 2516 anima
1101 2490 1134 2516 et
1158 2495 1302 2530 corpore
1325 2482 1612 2523 sanctificantur,
1634 2481 1822 2530 divinaque
1845 2494 1963 2515 omnes
1985 2494 2061 2528 gra-

372 2538 423 2572 tia
449 2538 689 2586 complentur,
714 2540 774 2588 qui
797 2541 958 2587 religioso
985 2555 1067 2577 cum
1091 2543 1224 2577 affectu
1251 2542 1439 2578 accedunt.

477 2598 518 2633 In
539 2599 593 2633 his
616 2599 724 2646 igitur
748 2614 788 2635 ex
810 2600 975 2636 omnibus
997 2602 1126 2649 linguis
1148 2602 1359 2651 familiisque
1381 2602 1537 2650 undique
1559 2602 1712 2637 collectis
1736 2601 1916 2644 coetibus,
1939 2601 2055 2636 divina

373 2659 537 2708 mysteria
559 2660 758 2695 revelantur
780 2675 839 2709 per
861 2675 973 2697 sacras
994 2662 1166 2698 lectiones
1189 2672 1222 2699 et
1242 2665 1462 2700 catecheses:
1486 2672 1521 2698 et
1547 2676 1609 2711 per
1635 2662 1792 2697 salutaris
1821 2662 1952 2697 hostiae
1977 2663 2055 2697 uni—

370 2719 461 2754 versi
487 2720 613 2755 mundi
641 2720 851 2768 expiatoriae
882 2722 1113 2765 sacrificium,
1141 2723 1384 2759 liberationem
1412 2738 1430 2758 a
1458 2723 1627 2771 peccatis,
1650 2722 1851 2757 hominibus
1879 2722 1943 2770 qui
1970 2735 2053 2757 cum

372 2779 439 2814 side
462 2794 500 2814 ac
522 2780 647 2815 mentis
667 2780 818 2828 puritate
840 2781 925 2816 illud
948 2783 1176 2831 participant,
1196 2784 1376 2818 conlatum
1396 2783 1440 2817 iri
1462 2783 1659 2817 inconfesso
1681 2790 1742 2817 est.
1764 2781 1795 2816 A
1814 2782 1943 2830 quibus
1964 2782 2052 2817 mul-

374 2839 534 2886 tiplicatis
559 2841 822 2890 ampliatisque‚
847 2840 1020 2877 idolorum
1044 2844 1122 2878 fana
1148 2852 1180 2878 et
1203 2858 1280 2879 arae
1303 2844 1440 2879 fortiter
1464 2856 1651 2878 concussae
1677 2843 1825 2878 suerunt
1845 2851 1950 2892 atque
1974 2855 2053 2890 pro-
