2203 3331
136 1541 143 1550 ¹
160 1544 193 1563 gr.
208 1538 339 1570 χμνικαξς

136 1573 235 1606 ἀρχαίᾳ

385 192 430 224 30
950 200 978 223 S·
1006 201 1178 225 Ntctzt‘notu
1206 201 1462 224 Asrtnnnffrlct's
1489 201 1512 224 1.

383 269 509 291 eorum
530 268 620 303 quae
642 268 771 303 corpus
797 255 1007 291 labefactant
1029 265 1091 292 aut
1112 264 1370 305 corrumpunt,
1396 256 1506 291 veluti
1531 255 1694 292 adnatam
1718 257 1866 293 transire
1888 258 1922 293 in
1945 260 2076 308 patien-

385 327 453 352 tem
474 316 652 350 bominem
666 344 674 358 ‚
697 315 844 365 eiusque
867 325 907 352 ut
929 316 974 352 ita
997 317 1110 352 dicam
1131 317 1307 366 propriam
1328 326 1429 366 atque
1458 317 1622 352 intimam
1642 318 1728 355 fieri.
1755 318 1817 354 Illa
1838 328 1955 355 tamen
1983 335 2073 369 quae

380 393 398 412 a
418 376 517 411 vobis
538 375 669 411 dicitnr
692 375 977 425 circumscriPtio
991 406 998 420 ,
1021 378 1057 412 id
1082 386 1133 412 cst
1154 377 1314 425 figuratio
1331 406 1338 420 ,
1358 377 1446 412 nihil
1467 377 1730 426 praedictorum
1750 379 1854 415 hahet
1868 409 1875 423 ,
1897 381 1980 429 quia
2003 389 2073 416 tota

382 437 533 473 exterior
558 445 629 480 est,
651 450 769 486 neque
794 437 971 473 ullatenus
997 452 1126 487 eorpus
1151 439 1316 486 attingit,
1338 437 1408 473 nisi
1429 447 1600 487 quatenus
1626 439 1757 487 speciei
1784 449 1922 476 tantum
1944 450 1979 477 et
2006 443 2074 477 sor-

380 512 455 534 mac
483 497 623 545 figurati
648 499 891 534 communicat.
921 498 1013 544 Quia
1038 499 1147 546 igitur
1172 499 1287 548 passio
1317 499 1424 547 magis
1451 499 1594 548 propria
1624 507 1695 543 est,
1720 515 1825 548 quam
1853 502 2014 550 figuratio
2040 512 2074 538 et

380 558 679 607 circumscriptio,
699 573 788 608 quae
811 560 998 595 exteriores
1021 568 1122 603 sunt,
1141 575 1259 609 neque
1280 575 1405 609 corpus
1423 560 1614 603 adficiunt,
1635 561 1737 609 plane
1759 571 1952 609 oporteret,
1973 563 2070 599 iuxta

321 630 339 647 ⁷-
378 629 529 655 vestrum
556 620 807 664 ratiocinium,
835 619 1018 656 Christum
1042 634 1150 656 carne
1178 635 1341 670 passum,
1368 622 1617 670 cruciatusque
1642 630 1783 670 propter
1808 637 1871 658 nos
1897 626 2072 672 perferen-

379 691 469 724 tem,
495 695 568 716 non
595 683 698 716 modo
725 695 828 716 carne
858 680 1122 725 circumscribi,
1145 682 1205 717 sed
1231 682 1336 717 etiam
1361 696 1431 717 una
1455 696 1539 717 cum
1561 682 1742 717 divinitate
1769 683 1905 718 easdem
1933 685 2072 732 partici-

381 756 461 790 pare
487 741 676 791 passiones.
702 741 793 777 Nam
815 742 911 790 quod
933 742 1040 790 magis
1061 743 1245 792 proprium
1270 752 1322 778 est
1346 752 1379 778 et
1402 744 1653 792 propinquius,
1676 744 1710 778 id
1732 744 1897 780 accidere
1919 754 1953 780 et
1974 746 2072 789 sieri,

378 817 483 851 quam
511 804 605 852 quod
633 803 733 838 aliter
758 818 791 838 sc
820 804 945 847 habet,
970 804 1113 852 aequius
1138 813 1200 840 cst.
1233 804 1307 839 Cur
1337 819 1416 852 ergo
1446 819 1527 840 cum
1555 819 1697 840 carnem
1722 807 1852 840 factum
1877 805 2071 841 Dominum

378 864 528 907 auditis,
552 872 586 899 et
609 863 723 899 filium
745 864 922 907 hominis,
946 872 981 899 et
1004 864 1191 911 languores
1217 874 1421 913 expertum,
1443 874 1476 900 et
1502 866 1531 901 si
1556 866 1645 915 quid
1671 867 1721 901 his
1745 866 1857 902 simile
1883 867 1920 901 in
1945 867 2071 902 divinis

379 925 561 973 scripturis
586 925 628 960 de
653 939 691 960 eo
718 925 868 967 dicitur,
893 939 958 960 cur
983 924 1147 973 inquam,
1170 926 1339 974 quoniam
1363 926 1602 975 inseparabilis
1624 936 1675 963 est
1695 928 1845 963 duarum
1866 937 2071 964 naturarum

379 986 484 1020 unica
513 999 682 1033 persona,
710 999 784 1019 non
815 984 920 1019 simul
955 984 1175 1033 deprimitiS,
1204 986 1400 1021 secundum
1430 995 1560 1022 vestras
1592 996 1688 1022 certe
1724 988 1932 1036 opiniones,
1962 989 2070 1037 ipsius

377 1060 517 1095 quoque
543 1046 788 1081 divinitatem?
816 1045 931 1092 Magis
957 1046 1052 1081 enim
1071 1046 1134 1094 qui
1158 1046 1243 1081 haec
1268 1046 1376 1090 dicit,
1398 1055 1564 1082 naturam
1587 1048 1787 1097 (divinam)
1811 1050 1962 1084 universi
1985 1050 2071 1097 regi-

377 1122 461 1142 nam
486 1108 686 1150 immin-uit,
708 1120 814 1155 quam
837 1107 898 1155 qui
922 1107 958 1141 in
987 1121 1090 1142 carne
1116 1121 1191 1142 eam
1215 1108 1483 1144 circumscribit.
1514 1108 1576 1143 Sic
1602 1110 1720 1157 itaque
1735 1139 1742 1152 ,
1766 1111 1793 1144 si
1814 1111 1912 1145 vobis
1935 1111 2067 1159 placet,

377 1168 540 1203 divinitas
563 1168 666 1203 silnul
687 1181 769 1203 eum
793 1181 896 1203 carne
918 1168 1212 1211 circumcidetur,
1234 1168 1337 1204 simul
1358 1168 1591 1217 lapidabitur,
1613 1184 1755 1205 crucem
1775 1185 1917 1220 quoque
1939 1172 2070 1219 pariter

377 1229 585 1271 sustinebit,
609 1228 879 1271 commorietur,
901 1228 1039 1278 aliaque
1064 1228 1304 1278 perpetietur,
1324 1238 1500 1278 quotquot
1524 1244 1603 1264 caro
1624 1244 1685 1279 pro
1710 1231 1812 1265 nobis
1836 1245 1935 1279 passa
1961 1233 2070 1267 credi-

378 1298 443 1325 tur.
469 1288 726 1324 Verumtamen
753 1289 830 1338 quis
859 1297 1039 1338 tantopere
1065 1289 1217 1325 delirat?
1245 1288 1337 1335 Quis
1358 1290 1405 1325 ita
1430 1290 1572 1325 demens
1595 1299 1736 1340 tamque
1764 1291 1828 1326 alte
1851 1291 1887 1326 in
1909 1291 2069 1327 insaniae

377 1351 510 1384 l'oveam
534 1349 717 1398 prolapsus
732 1378 739 1392 ‚
761 1358 801 1384 ut
821 1350 989 1385 absurdos
999 1349 1158 1399 ,Deoque
1180 1349 1324 1385 hostiles
1346 1364 1548 1394 sermones,
1569 1351 1631 1400 qui
1653 1365 1694 1386 ex
1716 1352 1840 1386 vestris
1864 1351 2071 1401 propositio-

378 1411 481 1446 nibus
509 1419 801 1459 consequuntur,
823 1410 972 1447 toleret?
994 1410 1085 1457 Quis
1108 1419 1243 1446 tantam
1263 1411 1426 1447 adversus
1449 1411 1609 1447 Verbum
1629 1412 1796 1448 iniuriam
1818 1427 1928 1462 aequo
1951 1413 2068 1447 animo

377 1473 483 1512 serat,
505 1486 634 1520 nempe
655 1480 694 1506 ut
714 1472 750 1506 in
774 1472 952 1507 sententia
971 1481 1084 1507 vestra
1107 1472 1247 1507 dicatur
1270 1481 1471 1515 mortuum,
1493 1472 1815 1521 clrcumseriptum,
1834 1474 1877 1508 ad
1899 1482 2069 1522 tempora-

376 1533 426 1568 les
449 1533 675 1581 magistratus
695 1534 713 1554 ῃ
734 1541 970 1582 pertractum,
992 1533 1117 1568 divinis
1137 1533 1408 1582 proprietatibus
1432 1533 1635 1582 spoliatum,
1658 1543 1799 1583 paterna
1819 1535 2012 1569 substantia
2035 1543 2069 1569 et

377 1594 483 1641 gloria
510 1594 706 1629 alienatum
731 1602 833 1642 atque
858 1593 1037 1630 divisum?
1063 1594 1159 1640 Quid
1184 1595 1280 1629 enim
1299 1609 1359 1629 vos
1384 1594 1479 1630 aliud
1502 1608 1607 1644 quam
1632 1604 1808 1630 recentem
1829 1594 1949 1630 Deum
1969 1595 2068 1630 nobis

376 1655 584 1698 obtruditis,
605 1655 668 1704 qui
694 1669 820 1690 novam
848 1655 954 1690 fidem
982 1669 1079 1690 nunc
1106 1664 1248 1704 repente
1276 1656 1498 1704 procuditis?
1528 1655 1616 1702 Quis
1644 1657 1732 1691 seret
1760 1655 1935 1704 propriam
1962 1656 2069 1690 fidem

376 1716 412 1750 in
440 1717 506 1751 hoc
535 1716 728 1765 proditam,
754 1725 789 1752 ct
813 1717 849 1752 in
877 1717 928 1752 rei
953 1730 1088 1752 summa
1117 1731 1205 1767 quae
1233 1718 1398 1753 nostrum
1426 1717 1583 1766 apprime
1613 1717 1785 1760 interest,
1810 1717 2069 1752 detrimentum

375 1777 469 1825 pati?
493 1777 531 1812 Si
552 1792 631 1825 ergo
652 1778 699 1813 ita
720 1779 925 1814 naturaliter
949 1787 1164 1827 comparatae
1186 1787 1270 1815 sunt
1291 1788 1548 1814 concurrentes
1572 1779 1607 1813 in
1630 1778 1813 1814 Christum
1835 1779 2067 1821 substantiae,

374 1846 415 1873 ut
439 1839 666 1887 proprietates
689 1854 768 1875 suas
793 1840 944 1875 invicem
967 1840 1222 1888 permiscentes
1246 1848 1492 1889 retorqueant,
1515 1839 1680 1888 quoniam
1705 1838 1783 1874 Deo
1809 1840 1901 1887 patri
1925 1853 1962 1874 ac
1990 1839 2069 1887 Spi-

373 1899 458 1934 ritui
482 1901 778 1936 consubstantiale
801 1900 964 1937 Verbum
989 1909 1061 1944 est,
1088 1901 1207 1950 utique
1234 1901 1337 1936 simul
1364 1915 1484 1950 passus
1512 1900 1620 1935 suerit
1647 1909 1746 1948 pater
1774 1900 1931 1948 itemque
1959 1899 2068 1947 Spiri-

373 1961 481 2004 ritus,
504 1961 609 1997 simul
636 1970 736 2011 partu
768 1962 882 1998 editus
905 1964 979 2010 (1),
1003 1962 1106 1997 simul
1135 1963 1383 2005 circumcisus,
1407 1970 1441 1997 ct
1466 1961 1602 2010 reliqua
1632 1961 1768 2007 omnia,
1791 1975 1880 2009 quae
1907 1960 2068 1995 Verbum

374 2036 511 2070 passum
532 2031 602 2065 est,
625 2031 786 2071 expertus
816 2023 967 2059 dicetur.
996 2022 1109 2072 Atqui
1136 2023 1221 2058 haec
1247 2023 1460 2072 blasphemia
1487 2022 1523 2056 in
1553 2022 1691 2056 illorum
1721 2030 1826 2070 caput
1852 2021 1982 2056 recidat
2004 2021 2066 2070 qui

376 2083 561 2131 impietatis
585 2084 691 2120 huius
717 2084 852 2119 semina
873 2084 1050 2120 iecerunt!

479 2144 550 2186 Sed
573 2145 670 2180 aliud
691 2159 832 2194 quoque
859 2145 1012 2180 libenter
1039 2145 1226 2180 admodum
1252 2145 1304 2179 his
1333 2145 1500 2180 dicemus.
1529 2144 1638 2179 Unde
1665 2144 1783 2186 vobis,
1806 2157 1954 2192 quaeso,
1976 2151 2068 2191 pote—

375 2214 442 2240 stas
466 2206 571 2249 haec,
594 2215 635 2241 ut
657 2206 738 2241 alias
766 2205 912 2255 quidem
940 2206 1094 2255 corporis
1122 2206 1348 2255 proprietates
1376 2206 1495 2240 missas
1521 2205 1675 2247 faciatis,
1698 2204 2067 2253 circumscriptionem

378 2273 515 2300 tantum
546 2267 726 2314 tyrannice
754 2268 953 2302 auferentes
983 2267 1195 2302 detrahatis?
1222 2280 1346 2315 nempe
1376 2266 1646 2313 figurationem,
1675 2265 1934 2300 dimensionem
1962 2265 2068 2313 tripli-

375 2340 449 2362 cem
463 2355 471 2368 ,
498 2328 764 2375 tangibilitatem
778 2357 786 2372 ,
808 2342 1017 2376 organorum
1042 2328 1307 2377 dispositionem
1321 2357 1329 2371 ,
1352 2337 1455 2377 atque
1483 2328 1546 2363 alia
1569 2342 1609 2363 cx
1630 2328 1757 2376 quibus
1783 2326 2066 2374 circumscriptio

375 2388 585 2434 conficitur,
606 2389 655 2423 ita
677 2397 716 2424 ut
738 2389 765 2424 si
785 2389 862 2437 quis
885 2389 1019 2438 aliquid
1039 2389 1167 2424 horum
1188 2389 1366 2424 subtrahat
1388 2388 1546 2438 corpori,
1569 2402 1695 2437 corpus
1718 2402 1860 2437 quoquc
1884 2388 2001 2435 ipsum
2022 2387 2065 2421 de

374 2449 489 2484 medio
518 2449 624 2485 tollat.
651 2449 844 2497 Negabitur
875 2450 992 2493 enim,
1018 2450 1054 2485 in
1082 2450 1158 2486 loco
1187 2450 1304 2499 aliquo
1335 2465 1404 2485 csse
1434 2450 1487 2485 vel
1515 2450 1678 2491 limitari,
1702 2449 1795 2497 quod
1825 2448 1920 2483 idem
1948 2456 1997 2482 est
2026 2462 2065 2482 ac

375 2509 628 2545 circumscribi.
656 2509 697 2544 Id
724 2519 842 2546 autem
869 2511 970 2546 dictu
1001 2511 1107 2546 etiam
1133 2511 1327 2546 ridiculum
1355 2519 1414 2547 est.
1446 2510 1522 2545 Cur
1552 2524 1632 2557 ergo
1658 2510 1725 2544 hoc
1755 2518 1892 2544 tantum
1920 2508 1962 2543 de
1992 2522 2067 2543 cor-

374 2584 458 2618 pore
488 2570 602 2619 perire
631 2570 770 2614 dicitis,
800 2580 928 2606 ceteras
956 2572 1100 2607 interim
1128 2572 1353 2620 proprietates
1383 2571 1524 2607 silentio
1556 2571 1736 2606 transitis?
1768 2569 1871 2619 *thui
1900 2578 2064 2618 apparet,

374 2645 433 2666 vos
458 2631 525 2666 hoc
547 2644 619 2665 uno
640 2631 808 2666 vocabulo
838 2640 950 2667 cetera
978 2647 1119 2682 quoque
1148 2646 1292 2681 negare:
1313 2647 1396 2667 nam
1419 2632 1446 2667 si
1468 2631 1553 2680 quid
1584 2646 1705 2666 corum
1733 2631 1821 2666 desit
1847 2645 1937 2679 quac
1967 2639 2067 2665 natu-

377 2705 449 2727 ram
471 2691 663 2734 denotant,
687 2691 893 2740 imperfecta
914 2694 1000 2729 llaec
1023 2693 1208 2729 videbitur.
1231 2693 1371 2742 Quippe
1394 2693 1423 2728 si
1443 2692 1579 2727 homini
1601 2692 1687 2727 desit
1711 2692 1942 2734 rationalitas,
1962 2692 2064 2726 homo

375 2767 446 2789 non
475 2752 561 2799 erit3
589 2752 747 2788 similiter
776 2753 802 2787 si
829 2754 1038 2797 mortalitas,
1068 2764 1206 2790 erectus
1235 2754 1414 2797 incessus,
1442 2754 1637 2797 mobilitas,
1666 2753 1852 2796 animatio,
1882 2761 1941 2788 aut
1969 2752 2063 2788 aliud

456 2892 491 2922 (1)
510 2889 578 2917 Cod.
600 2890 800 2919 συντεὲγίσεται.
822 2889 873 2917 Sed
895 2890 1000 2926 corrigo
1021 2892 1237 2928 συντεχὲἠσετκι.
