2203 3331
661 204 828 227 Aiu'itnsrs
857 203 1103 226 coxsmxrixrn
1131 204 1365 227 COPRONYnI'M.
1800 196 1864 228 129

168 271 326 299 mentem
354 260 434 310 quis
457 268 581 309 putare
610 261 693 295 velit
716 268 747 295 et
769 259 879 294 animi
905 259 975 293 vim
1000 258 1189 292 rectricem
1216 273 1254 292 εκ·
1283 260 1550 299 dominantem,
1572 260 1641 295 sive
1663 259 1754 295 aliud
1779 261 1862 309 quid

170 326 207 359 in
236 323 374 359 homine
406 322 590 369 cogitabile
617 324 691 369 (1)3
713 320 890 369 siquidem
918 334 964 354 ne
993 319 1098 354 huius
1123 319 1266 367 quidem
1295 321 1525 368 archetypum
1552 321 1590 355 in
1614 335 1765 356 numero
1790 323 1868 357 visi-

172 385 296 420 bilium
319 396 440 418 rerum
468 391 531 417 est.

280 445 338 493 59.
367 443 554 479 Praeterea
582 442 694 478 nostri
721 455 862 490 quoque
891 440 1090 475 sacerdotes
1105 468 1112 482 ‚
1135 440 1218 488 quia
1240 442 1580 488 supermundialium
1602 443 1770 478 ordinum
1794 458 1867 492 spc-

177 506 267 540 ciem
295 504 519 552 exprimuntg
546 503 680 538 etenim
701 503 763 537 hos
785 508 1053 549 repraesentant
1083 509 1160 535 tum
1183 501 1217 534 in
1238 500 1345 535 sacris
1373 501 1542 547 liturgiis.
1566 511 1641 537 tum
1663 503 1697 537 in
1723 503 1799 537 aliis
1821 503 1870 537 di-

174 567 265 601 vinis
286 580 372 614 quas
396 565 579 600 celebrant
600 563 851 612 hymnologfisg
874 570 1060 610 propterea
1079 561 1303 596 honorabiles
1332 562 1508 596 habentur
1530 577 1545 597 a
1568 577 1647 598 vere
1674 565 1739 611 piis
1765 573 1870 613 atque

177 627 353 662 modestis.
382 626 428 661 Ft
451 626 584 673 reliqua
607 623 777 660 ecclesiae
800 623 974 658 ordinatio
998 636 1037 657 ac
1059 622 1260 671 dispositio,
1285 623 1438 657 caelestis
1460 623 1556 657 aulae
1587 624 1733 659 imitatio
1757 635 1808 660 est
1830 641 1869 660 ac

177 690 300 735 figura.
329 688 419 722 Item
441 686 574 733 Moysis
600 685 807 732 legislatoris
830 684 1102 719 tabernaculum
1116 712 1124 726 ,
1146 693 1181 718 et
1203 692 1331 718 cuncta
1357 683 1427 718 illic
1453 692 1646 727 contenta,
1668 686 1871 721 caelestium

179 749 400 796 aliarumque
423 755 622 782 creatarum
642 759 764 780 reruni
786 744 1003 779 resonantias
1021 744 1191 792 quasdam
1209 758 1250 778 ac
1272 744 1521 779 similitudines
1542 759 1621 792 prae
1642 759 1675 779 se
1694 747 1870 790 serebant,

179 810 271 844 sicut
296 810 339 843 ab
365 822 404 843 eo
429 807 639 855 dispositum
664 807 788 841 suerat.

285 869 342 904 60.
373 867 470 914 Quin
498 867 582 902 adeo
612 867 701 902 sacri
730 867 796 914 ipsi
823 867 924 909 libri,
945 866 1132 901 hominum
1159 867 1222 915 qui
1250 880 1307 901 eos
1336 866 1554 914 scripserunt
1582 867 1751 914 imagines
1779 879 1871 904 sunt.

180 929 248 964 Per
275 930 336 963 hos
365 928 517 977 quippe,
540 927 684 962 illorum
711 935 868 962 auctores
890 941 1105 975 quamquam
1133 927 1293 961 absentes
1321 936 1491 974 perpetuo
1520 927 1738 975 loquuntur3
1763 937 1872 964 tanta-

180 1004 250 1038 que
278 989 546 1024 necessitudine
576 1002 634 1023 eos
664 987 869 1035 attingunt,
898 997 938 1022 ut
965 988 1198 1023 scribentium
1233 988 1392 1035 ipsorum
1419 988 1547 1023 diserte
1581 1002 1712 1024 nomen
1743 999 1874 1036 gerant.

153 1096 157 1099 .
182 1050 242 1084 Sic
273 1050 367 1084 enim
393 1063 533 1084 sacrum
559 1049 707 1098 apostoli
736 1049 888 1091 librum,
912 1048 1107 1097 apostolum
1136 1048 1369 1096 appellamus3
1396 1057 1430 1083 et
1450 1050 1638 1097 prophetae
1660 1050 1812 1093 librum,
1835 1052 1877 1085 si-

180 1111 311 1145 militer
338 1111 545 1159 prophetam
565 1124 751 1153 vocamus,
774 1110 918 1158 parique
940 1110 1042 1145 modo
1066 1110 1298 1157 evangelistae
1325 1110 1464 1145 librum.
1496 1110 1603 1145 Sacra
1628 1126 1771 1160 quoquc
1795 1121 1877 1147 tein-

181 1172 235 1219 pla
255 1172 347 1206 haud
373 1172 517 1206 omnino
539 1185 622 1206 cum
643 1172 810 1206 relatione
833 1172 875 1206 ad
897 1171 1052 1220 aliquem
1073 1171 1223 1206 dicimus
1239 1200 1246 1214 ,
1269 1171 1331 1206 sed
1352 1171 1562 1219 plerumque
1587 1173 1744 1208 absolute
1769 1174 1876 1209 huius

185 1233 333 1267 titulum»
356 1233 510 1267 dicimus
539 1233 795 1280 homonymum
818 1232 850 1267 ei
874 1232 931 1267 cui
956 1232 1129 1280 templum
1153 1240 1201 1266 est
1221 1231 1445 1275 dedicatum,
1468 1242 1609 1281 propter
1635 1234 1878 1282 appellationis

184 1293 476 1330 communionem
498 1302 532 1328 et
551 1294 858 1328 necessitudinem.
890 1292 950 1327 Sic
980 1293 1085 1327 etiam
1114 1301 1339 1327 terrenorum
1367 1293 1571 1341 principum
1593 1294 1782 1341 imagines,
1806 1304 1880 1330 tan-

184 1364 302 1402 topere
326 1363 408 1389 sunt
430 1355 580 1389 subditis
601 1355 826 1389 honorandae
840 1383 847 1396 ,
868 1354 948 1402 quia
971 1363 1006 1388 et
1029 1353 1193 1389 Christus
1216 1354 1376 1388 Caesaris
1400 1354 1591 1401 imaginem
1609 1356 1738 1390 honore
1763 1356 1881 1403 digna-

185 1424 239 1450 tus
267 1423 325 1450 est.
354 1414 523 1463 Denique
552 1415 689 1450 nullam
715 1415 905 1463 quisquam
933 1428 1009 1450 rem
1035 1415 1250 1463 comperiet,
1272 1430 1360 1463 quae
1390 1416 1431 1450 ad
1459 1416 1593 1464 aliquid
1622 1426 1663 1451 ut
1685 1417 1726 1451 ad
1754 1418 1882 1465 princi-

185 1475 260 1523 pale
289 1476 465 1518 refertur,
485 1489 576 1524 quae
606 1476 648 1510 ob
678 1476 713 1510 id
737 1476 853 1524 ipsum
882 1490 955 1510 non
983 1484 1227 1523 promereatur
1248 1476 1440 1518 honorem,
1462 1477 1541 1524 quia
1561 1477 1655 1511 illius
1676 1478 1881 1526 principalis

184 1536 297 1570 ideam
326 1536 457 1571 obiicit.
487 1535 527 1570 Si
555 1551 638 1583 ergo
666 1537 753 1571 haec
783 1537 928 1571 omnino
957 1537 1085 1571 dictam
1112 1537 1156 1571 ob
1186 1550 1330 1572 causam
1358 1546 1441 1571 sunt
1470 1537 1704 1580 honorabilia,
1729 1552 1791 1573 cur
1820 1539 1882 1573 ista

185 1611 271 1645 quae
297 1606 437 1645 praeter
460 1606 574 1633 cetera
595 1597 743 1645 gloriosa
764 1606 848 1633 sunt
862 1627 870 1640 ,
892 1612 910 1632 a
934 1597 1069 1633 Christi
1090 1598 1250 1633 hostibus
1273 1598 1467 1645 ignominia
1490 1598 1690 1647 iniuriatpic
1714 1599 1884 1634 adficiun-

188 1658 268 1693 tur?
296 1657 343 1692 Et
370 1658 462 1693 filius
491 1658 639 1707 quidem
666 1667 708 1694 ut
735 1659 841 1707 patris
869 1659 982 1706 imago
1010 1660 1214 1695 honoratur.
1244 1659 1356 1708 .Xt<1ui
1382 1659 1554 1706 imagines
1583 1669 1751 1709 utraeque
1780 1670 1882 1703 sunt,

186 1719 350 1767 idemque
373 1719 414 1754 de
436 1720 597 1768 utrisque
619 1720 658 1754 fit
676 1734 807 1766 sermog
827 1734 1042 1769 quamquam
1061 1721 1259 1755 substantia
1277 1721 1459 1757 differunt.
1482 1721 1558 1767 Age
1576 1736 1655 1757 vero
1676 1722 1770 1770 quod
1790 1737 1885 1770 prae-

188 1779 290 1827 cipue
319 1780 493 1815 vesaniam
524 1781 675 1816 istorum
702 1781 1030 1830 impudentiamque
1060 1782 1242 1829 obiurgat,
1266 1782 1471 1817 addendum
1498 1783 1688 1830 praedictis
1717 1792 1884 1831 superest.

188 1841 284 1875 Satis
306 1854 427 1875 omnes
449 1841 612 1877 novimus
628 1870 636 1885 ,
658 1856 778 1890 pravos
802 1843 907 1877 etiam
927 1842 1091 1878 homines
1115 1856 1301 1891 pravorum
1324 1851 1357 1877 et
1380 1843 1598 1891 impurorum
1619 1844 1805 1878 hominum
1832 1858 1885 1879 res

188 1901 324 1936 honore
346 1902 512 1950 prosequi
534 1902 675 1946 solitos,
700 1911 735 1937 et
756 1903 924 1950 imagines
954 1903 1099 1938 illorum
1125 1904 1315 1938 memoriae
1337 1904 1522 1949 dedicare-3
1550 1904 1633 1952 quia
1662 1919 1787 1952 nempe
1816 1919 1886 1940 mo-

189 1975 245 1995 res
272 1961 414 1996 illorum
442 1963 670 1998 aemulantur
689 1992 697 2006 ,
728 1972 762 1998 et
790 1972 884 2010 gesta
919 1964 1104 2007 adamant,
1134 1964 1255 2013 cisque
1286 1979 1349 1999 ceu
1378 1964 1440 1998 sibi
1469 1965 1698 2000 familiaribus
1725 1966 1885 2015 vitaeque

190 2023 437 2057 consentaneis
459 2023 622 2066 student,
646 2024 714 2058 sive
738 2024 892 2059 melioris
913 2025 963 2059 rei
985 2025 1205 2072 ignorantia,
1228 2025 1297 2059 sive
1320 2026 1447 2073 peioris
1471 2025 1652 2062 electione.
1682 2026 1755 2061 Sed
1776 2027 1884 2064 haec.

191 2083 382 2131 inquiunt,
405 2084 545 2119 ethnica
573 2093 658 2120 sunt
680 2093 713 2120 et
735 2086 829 2134 apud
858 2086 1016 2121 ethnicos
1045 2086 1153 2129 fiunt,
1177 2101 1289 2135 eaque
1315 2087 1457 2121 illorum
1483 2087 1672 2122 stoliditate
1695 2097 1726 2122 et
1749 2089 1887 2123 insania

191 2143 296 2189 digna
324 2152 414 2180 sunt.
443 2144 559 2192 Atqui
588 2160 650 2192 ego
680 2146 735 2181 aio
755 2175 762 2188 ,
790 2160 910 2182 nonne
940 2156 1118 2195 oporteret
1149 2148 1252 2182 etiam
1283 2147 1504 2182 Christianos
1523 2177 1530 2189 ,
1563 2162 1808 2197 quaecumque
1842 2149 1886 2184 ad

195 2203 378 2238 Christum
398 2205 559 2239 adtinent
580 2207 677 2240 omni
706 2207 805 2242 cultu
834 2208 995 2255 dignari,
1019 2209 1174 2257 itemque
1197 2223 1251 2243 res
1279 2217 1481 2243 sanctorum
1510 2210 1735 2255 magnificare
1759 2219 1793 2245 et
1819 2224 1888 2245 am-

195 2264 324 2311 plecti?
355 2264 460 2300 Sicut
483 2266 579 2300 enim
603 2267 797 2315 impiorum
826 2279 1059 2305 monumenta
1087 2270 1318 2304 abominanda
1347 2279 1429 2304 sunt
1454 2278 1485 2304 ct
1509 2270 1659 2318 polluta,
1682 2271 1730 2306 ita
1756 2280 1888 2307 sancto-

194 2339 274 2360 rum
299 2326 542 2374 amplectenda
565 2336 670 2376 atque
695 2329 866 2364 amabilia.

298 2387 356 2422 61.
386 2387 476 2433 Quis
501 2389 598 2423 enim
619 2389 756 2425 sobrius
777 2404 852 2425 non
874 2391 1064 2434 concedet,
1087 2391 1182 2440 quod
1203 2392 1231 2426 si
1252 2392 1361 2427 malae
1383 2393 1491 2440 frugis
1513 2394 1800 2442 archetyporum,
1820 2408 1888 2429 ma-

194 2447 245 2481 lae
276 2456 359 2482 sunt
388 2448 581 2495 imagities,
610 2451 813 2485 necessario
842 2460 1147 2487 sacrosanctorum
1175 2467 1316 2502 quoque
1345 2454 1616 2502 archetyporum
1644 2464 1887 2490 sacrosanctae

194 2508 365 2555 imagines
385 2510 494 2545 sunt?
516 2509 616 2544 Idem
636 2510 733 2545 enim
749 2511 793 2545 de
812 2512 974 2561 utrisque
993 2526 1105 2547 sermo
1124 2513 1233 2555 valet,
1252 2523 1427 2562 quatenus
1445 2515 1613 2563 imagines
1632 2525 1735 2562 suntg
1753 2516 1889 2551 etiamsi

196 2582 285 2617 quae
307 2568 351 2603 iis
374 2569 626 2617 intelliguntur
648 2584 688 2605 ac
708 2571 944 2614 denotantur,
963 2573 1106 2607 multam
1126 2573 1384 2623 immanemque
1402 2574 1640 2610 differentiam
1656 2576 1795 2611 habent.
1816 2575 1887 2610 Sed

195 2629 421 2665 notissimum
447 2639 520 2674 est,
541 2631 603 2666 hos
631 2632 692 2680 qui
717 2631 860 2668 Christo
888 2634 1030 2681 penitus
1058 2634 1132 2669 vale
1161 2634 1351 2672 dixerunt.
1374 2636 1560 2671 beatorum
1580 2651 1718 2685 quoque
1748 2637 1888 2672 illorum

196 2688 353 2725 virorum
380 2691 487 2726 vitam
514 2692 737 2741 virtutesque
761 2703 795 2728 et
816 2695 919 2729 sortia
947 2695 1105 2730 facinora
1133 2696 1322 2739 detestari,
1344 2711 1382 2731 ac
1404 2697 1458 2732 vel
1481 2698 1550 2732 sola
1579 2698 1737 2745 ipsorum
1761 2710 1890 2731 memo-

196 2750 247 2784 ria
281 2752 476 2800 exasperari
499 2762 534 2788 et
560 2755 650 2801 angi.
678 2754 771 2789 Nam
793 2755 971 2804 quidquid
996 2757 1107 2791 bonae
1136 2757 1245 2804 frugis
1268 2766 1340 2800 est,
1363 2759 1546 2794 vitandum
1570 2766 1734 2800 censent,
1756 2757 1889 2792 malum

278 2887 297 2904 ¹!
332 2883 438 2911 Videsis
457 2886 641 2913 Cantacuzeni
661 2895 770 2922 quoque
790 2888 948 2923 opinionem
969 2889 1041 2923 apud
1062 2898 1112 2917 nos
1133 2899 1157 2924 p.
1182 2894 1239 2917 100.
1263 2890 1326 2917 adn.
1350 2894 1363 2903 ‘¹

1350 2907 1373 2917 a.

1907 639 1945 658 tir.
1960 644 1981 664 μ.
2001 641 2043 658 1212.
