2203 3331
603 209 768 234 ,snvmsts
793 207 1037 233 coss-mmmm
1063 208 1297 233 COPRONYML'M.
1752 198 1796 231 65

112 268 246 318 rumpit
265 267 477 316 loquentem.
498 265 544 301 Et
565 266 628 315 qui
649 266 811 308 dormiit,
832 278 954 300 nonne
976 271 1097 312 postea
1118 263 1278 310 evigilat?
1304 263 1348 299 Et
1369 265 1467 313 quies
1488 274 1626 301 motum
1647 266 1795 302 circum-

111 331 246 366 scribit.
273 328 390 376 Atque
421 327 563 362 omnino
585 327 646 376 qui
667 326 797 375 aliquid
820 326 908 373 agit,
929 324 1023 359 haud
1050 323 1153 359 simul
1175 332 1207 358 et
1227 324 1321 359 aliud
1352 326 1475 361 eodem
1505 335 1659 375 tempore
1681 328 1793 364 faciet.

114 390 284 426 Similiter
308 397 339 424 et
360 388 472 423 virtus
494 388 621 437 duplex
642 395 713 433 est3
734 387 852 421 divina
876 385 1039 434 quidem,
1060 384 1271 433 sempiterna
1285 413 1293 427 ‚
1313 386 1554 422 substantialis
1583 387 1711 432 virtus,
1734 389 1795 423 im-

113 465 232 487 mensa
261 459 452 498 suapthue
480 450 512 483 vi
539 449 649 484 virtus
668 476 676 490 ,
704 460 839 482 summo
868 446 905 480 in
935 445 1041 493 gradu
1070 445 1319 492 magnitudinis
1346 454 1451 494 atque
1481 449 1665 495 potentiae.
1695 456 1718 471 ‘⁶
1750 449 1795 485 Et

117 541 140 556 „
169 512 380 560 sempiterna
398 512 472 546 eius
489 511 597 545 virtus
617 523 658 544 ac
676 508 839 544 divinitas
858 509 885 543 *ἦ
907 535 930 550 ,‚
951 506 1112 542 Humana
1129 520 1230 548 vero,
1248 507 1332 541 satis
1354 507 1500 543 limitata
1523 519 1625 558 atque
1649 511 1794 547 infirma.

114 581 137 595 ‘⁵
171 573 262 609 Caro
285 573 378 608 enim
401 573 559 614 infirma,
579 569 716 605 etiamsi
738 568 900 617 spirituS‚
920 568 1055 616 inquit,
1074 576 1258 615 promptus
1279 569 1305 603 *ἦ
1328 567 1391 610 Et,
1413 569 1515 603 homo
1539 571 1573 604 in
1594 571 1690 619 plaga
1711 573 1796 620 posi-

117 663 140 678 „
168 643 245 675 tuS,
269 642 301 668 et
322 634 434 668 sciens
454 633 542 667 ferre
564 630 803 665 infirmitatem
823 630 849 665 ¹¹².
878 628 925 663 Et
939 657 946 671 ,
967 628 1122 676 quamvis
1145 628 1332 663 crucifixus
1354 628 1423 662 fuit
1444 644 1483 664 ex
1509 630 1729 676 infirmitate,
1751 634 1797 667 vi-

115 723 140 738 „
167 695 216 729 vit
237 703 353 729 tamen
375 708 416 728 ex
436 693 562 727 virtute
581 693 608 726 *ἦ
631 718 654 733 „
675 689 824 738 Semper
846 689 942 724 enim
962 688 1061 724 Deus
1081 689 1169 724 bene
1192 689 1290 724 nobis
1312 703 1383 724 esse
1405 690 1495 733 vult,
1515 705 1554 726 ac
1575 692 1680 728 salvos
1702 694 1795 737 fieri,

115 765 148 791 et
181 756 446 791 conversionem
472 751 664 801 peccatoris
694 751 819 799 excipit
847 758 953 799 atque
982 750 1243 798 paenitentiam.
1271 750 1441 786 Nostrum
1469 761 1586 787 autem
1612 753 1796 801 ingenium

112 816 263 852 volubile
286 825 337 850 est
357 829 395 850 ac
417 814 621 849 limitatum:
642 826 715 847 non
737 812 834 847 enim
856 812 948 846 idem
968 825 1102 860 semper
1122 811 1303 854 volumus,
1322 812 1383 846 sed
1406 812 1506 848 modo
1529 813 1596 856 sic,
1617 815 1717 849 modo
1739 816 1797 849 ali-

113 887 183 924 ter3
202 876 304 912 modo
326 875 504 911 ambulare
524 874 701 916 volumus,
721 873 825 908 modo
844 873 1041 921 quiescere3
1059 873 1163 908 modo
1183 873 1411 922 contemplari
1431 882 1464 908 et
1485 874 1673 922 speculari,
1692 876 1796 911 modo

111 952 236 982 secus3
258 939 360 971 modo
389 935 549 984 operari,
570 934 672 970 modo
701 934 811 969 otiari.
840 933 885 969 Et
913 934 1160 977 humanitatis,
1181 948 1269 982 quae
1292 934 1328 969 in
1355 933 1496 970 Christo
1526 943 1620 979 erat,
1641 936 1796 972 voluntas

112 998 206 1033 haud
229 997 366 1032 divinae
391 995 566 1031 contraria
594 1004 691 1038 erat,
713 996 796 1044 quia
818 1003 890 1030 tota
912 995 1085 1030 deificata.
1115 994 1226 1029 Secus
1251 1004 1372 1030 autem
1400 1009 1454 1030 res
1482 1004 1629 1031 naturae
1658 1005 1796 1033 nostrae

111 1059 272 1093 volubilis
295 1067 399 1106 atque
421 1058 554 1100 fluxae,
573 1057 672 1092 aliter
693 1065 796 1105 atque
819 1057 917 1091 aliter
938 1056 1072 1092 variant
1094 1070 1134 1091 ac
1156 1064 1420 1105 pervertuntur,
1440 1057 1641 1092 firmitatem
1662 1058 1797 1093 nullam

111 1134 151 1155 ac
177 1119 402 1154 stabilitatem
427 1119 601 1153 habentes.

216 1180 276 1215 50.
304 1179 426 1225 Quid?
454 1179 587 1214 Nonne
617 1187 650 1214 et
676 1179 825 1214 scientia
854 1178 983 1227 duplex
1004 1178 1041 1213 in
1069 1178 1209 1214 Christo
1239 1180 1334 1216 erat?
1359 1179 1501 1215 Etenim
1530 1189 1651 1230 utpote
1675 1180 1794 1225 Deus,

112 1241 231 1276 omnia
258 1249 401 1275 noverat
430 1249 508 1275 ante
531 1240 636 1275 etiam
663 1254 769 1289 quam
791 1240 928 1275 fierent.
959 1238 1020 1274 Sic
1043 1240 1167 1288 procul
1194 1241 1372 1284 habitans,
1394 1243 1496 1277 amici
1516 1251 1666 1278 mortem
1693 1243 1795 1278 disci-

114 1301 204 1350 pulis
227 1310 403 1349 tamquam
422 1300 521 1335 Deus
542 1301 841 1348 praemonstrabat
858 1302 891 1336 ³³:
908 1314 1070 1348 praesens
1092 1309 1211 1336 autem
1228 1302 1541 1351 propinquansque
1561 1304 1723 1352 sepulcro
1746 1305 1795 1338 in—

113 1370 282 1409 terrogat:
304 1362 451 1397 ubinam
470 1362 635 1410 posuistis
657 1375 738 1397 eum
764 1362 805 1396 *P
827 1369 971 1395 naturae
1000 1370 1136 1396 nostrae
1164 1362 1350 1397 modulum
1377 1363 1424 1397 ita
1450 1364 1660 1411 significans„
1681 1364 1771 1400 Item
1785 1393 1793 1408 ‚

111 1422 212 1458 Iesus
232 1431 374 1457 noverat
395 1422 621 1469 cogitationes
642 1435 763 1457 eorum
789 1423 828 1464 ᾖ,
849 1421 945 1470 quod
976 1430 1090 1456 essent
1117 1436 1152 1457 se
1180 1422 1440 1470 interrogaturi.
1469 1424 1562 1459 Nam
1583 1426 1690 1460 ctiam
1714 1440 1796 1474 qua-

112 1492 217 1517 tenus
238 1483 360 1525 homo,
382 1483 541 1518 omnium
561 1496 679 1517 rerum
699 1482 903 1531 potiebatur
924 1482 1067 1526 notitia,
1088 1491 1205 1531 utpote
1227 1482 1305 1518 Deo
1327 1484 1541 1532 hypostatice
1564 1486 1702 1529 unitus,
1724 1500 1795 1521 non

112 1557 214 1579 secus
245 1551 346 1592 atque
380 1543 452 1578 aliis
486 1544 666 1592 praeditus
700 1551 772 1578 erat
803 1543 1058 1591 praerogativis.
1091 1543 1181 1578 Item
1212 1545 1364 1592 speciem
1395 1547 1579 1594 praebebat
1612 1547 1795 1582 nesciendi

111 1604 207 1639 diem
236 1613 271 1639 et
297 1605 417 1638 horam
443 1606 481 1647 ³²,
509 1619 579 1653 qua
605 1604 690 1639 huic
718 1604 887 1639 universo
915 1604 993 1638 finis
1022 1604 1158 1650 aderit,
1185 1605 1232 1640 ita
1260 1605 1392 1641 scilicet
1421 1607 1622 1656 adsumptae
1650 1617 1795 1643 naturae

111 1665 207 1714 quod
233 1666 307 1700 eius
326 1666 513 1714 proprium
540 1674 615 1700 erat
638 1665 807 1701 tribuens.
837 1664 977 1711 Quibus
1005 1666 1166 1701 omnibus
1188 1666 1226 1701 in
1250 1681 1350 1715 opere
1380 1668 1632 1704 incarnationis
1660 1670 1795 1705 adsum-

112 1726 200 1774 ptis,
222 1727 400 1774 perfectus
426 1726 570 1761 omuino
597 1726 703 1761 homo
732 1726 890 1775 itemque
920 1727 1102 1775 perfectus
1123 1725 1222 1762 Deus
1244 1728 1393 1763 existens
1410 1757 1418 1772 ,
1441 1743 1460 1764 a
1479 1730 1579 1765 nobis
1604 1731 1796 1766 honoratur

113 1795 148 1821 et
167 1787 407 1834 proclamatur.
434 1786 569 1822 Eodem
591 1787 692 1822 modo
715 1795 750 1822 et
771 1796 931 1822 creatum
952 1796 984 1822 et
1005 1788 1201 1823 increatum
1222 1789 1375 1824 eundem
1398 1792 1628 1835 confitemur,
1652 1801 1687 1827 et
1707 1806 1796 1827 mor-

111 1846 213 1881 talem
240 1855 343 1895 atque
373 1847 631 1890 immortalem,
654 1856 688 1882 et
711 1861 959 1896 quaecumque
981 1848 1047 1883 alia
1067 1848 1103 1882 in
1126 1863 1197 1883 uno
1219 1849 1412 1899 eodemque
1440 1852 1599 1887 subiecto
1629 1853 1796 1887 contraria

112 1915 309 1942 cernuntur
330 1917 472 1956 propter
494 1916 703 1943 naturarum
724 1908 976 1957 duplicitatem.
999 1908 1063 1944 His
1083 1909 1131 1944 ita
1151 1910 1332 1946 declaratis
1345 1939 1353 1954 ,
1371 1911 1450 1961 quis
1470 1913 1632 1961 prohibet
1650 1914 1698 1961 pii
1716 1914 1796 1961 dog-

110 1968 212 2004 matis
238 1968 411 2011 adseclas,
435 1970 625 2018 quominus
648 1969 819 2018 reliquam
842 1984 958 2005 rerum
986 1970 1188 2006 dualitatem
1204 2000 1211 2014 ‚
1232 1972 1305 2020 pari
1328 1973 1432 2009 modo
1460 1974 1496 2008 in
1524 1989 1692 2022 personae
1713 1990 1796 2024 quo—

109 2043 180 2077 que
203 2029 386 2065 adtributis
409 2031 609 2078 usurpent?
632 2031 725 2079 quod
747 2031 803 2065 isti
828 2030 1088 2066 Cltristomachi
1110 2032 1214 2080 impie
1236 2043 1379 2080 negant:
1400 2044 1434 2070 et
1453 2044 1629 2083 quatenus
1649 2036 1795 2085 quidem

112 2090 277 2125 Christus
297 2090 517 2132 adYerbum
538 2093 707 2134 refertur,
729 2091 851 2127 dicant
872 2092 1238 2141 iucircumscriptum3
1258 2103 1435 2142 quatenus
1456 2110 1534 2131 vcro
1557 2097 1598 2131 ad
1621 2097 1709 2131 servi
1728 2099 1795 2133 sor-

110 2164 203 2185 mam
230 2151 403 2199 pertinct,
427 2152 793 2201 circumscriptionem
815 2153 846 2188 ei
867 2154 1059 2201 adsignent.
1089 2153 1178 2200 Quis
1199 2155 1283 2189 adeo
1310 2155 1435 2191 brutus
1463 2157 1657 2206 stolidoque
1679 2159 1794 2193 animo

111 2220 215 2260 atque
246 2226 364 2247 excors
393 2212 454 2255 sit,
476 2221 515 2247 ut
537 2221 652 2248 cetera
680 2214 826 2262 quidem
854 2215 968 2249 omnia
991 2215 1143 2263 duplicia
1165 2216 1201 2251 in
1223 2217 1358 2265 duplici
1379 2218 1558 2254 nativitate
1588 2229 1648 2254 aut
1673 2229 1793 2255 natura

111 2273 283 2307 confitens
297 2301 305 2315 ,
328 2273 365 2307 in
387 2273 451 2307 hoc
473 2282 611 2308 tantum
634 2274 974 2323 circumscriptionis
996 2276 1135 2323 negotio
1158 2277 1318 2313 rixetur?
1344 2276 1450 2313 Certe
1471 2279 1533 2326 qui
1554 2280 1735 2327 primarias
1759 2290 1794 2315 et

111 2333 249 2368 intimas
271 2342 476 2369 naturarum
496 2334 658 2370 notiones
680 2336 832 2378 auferat,
850 2350 894 2370 ne
913 2345 1075 2372 naturam
1098 2337 1243 2386 quidem
1261 2338 1430 2386 reliquam
1448 2339 1561 2375 saciet.
1580 2340 1676 2386 Quid
1699 2341 1793 2375 enim

110 2394 185 2429 heic
206 2395 470 2430 formidolosum
492 2404 542 2430 est
565 2405 626 2430 aut
646 2409 854 2444 magnopere
877 2397 1025 2432 noxium
1036 2399 1050 2433 ζ’
1074 2397 1177 2433 Sicut
1198 2399 1293 2434 enim
1316 2400 1450 2447 operari
1472 2410 1507 2435 et
1527 2401 1631 2445 velle,
1653 2402 1791 2437 nescire

111 2455 212 2490 etIam
234 2465 337 2504 atque
360 2457 430 2504 pati
451 2458 655 2492 humanitus
676 2457 890 2501 Dominum,
910 2459 1006 2494 nullo
1028 2460 1130 2495 modo
1155 2460 1308 2495 eiusdem
1328 2461 1465 2496 deitatis
1484 2463 1655 2498 rationem
1672 2463 1790 2506 laesit,

110 2529 224 2565 neque
253 2517 461 2552 divisionem
489 2517 596 2553 ullam
623 2518 660 2553 in
690 2533 800 2554 unam
828 2520 1045 2568 eandemque
1074 2521 1286 2569 hypostasim
1313 2522 1454 2568 intulit3
1479 2523 1525 2558 ita
1552 2538 1596 2559 ne
1626 2524 1660 2559 in
1690 2539 1790 2559 carne

110 2576 253 2625 quidem
280 2591 362 2612 eum
388 2578 508 2626 pingi,
531 2579 679 2627 qualiter
707 2580 800 2614 inter
828 2580 991 2615 homines
1012 2581 1103 2616 visus
1124 2590 1176 2616 est
1199 2590 1231 2616 et
1253 2591 1492 2626 conversatus,
1515 2583 1620 2619 ullam
1645 2584 1677 2618 ei
1699 2585 1790 2618 imo-

1712 2612 1728 2631 υ

111 2638 252 2673 miniam
274 2639 474 2688 adsperget3
496 2654 612 2689 neque
633 2641 669 2675 in
690 2641 796 2675 unica
817 2641 989 2689 hypostasi
1016 2642 1195 2677 distractio
1216 2643 1285 2678 ulla
1306 2644 1495 2692 apparebit.
1523 2644 1705 2679 Facessant
1728 2645 1788 2691 igi-

111 2706 168 2732 tur
194 2699 254 2747 qui
281 2714 365 2735 vana
395 2710 596 2748 nugantur,
617 2702 680 2751 qui
708 2702 846 2737 divinae
875 2703 1100 2738 oeconomiae
1128 2703 1253 2739 rationi
1282 2704 1464 2749 invident,
1487 2720 1594 2755 seque
1623 2720 1640 2740 a
1669 2714 1786 2740 sancta

113 2757 180 2793 fide
208 2768 327 2795 nostra
355 2761 567 2799 abalienant.

1663 2959 1678 2983 9

1831 524 1842 533 ’
1857 521 1921 543 Romi
1938 523 1954 543 1.
1970 526 2002 543 2¹0,

1832 576 1869 596 Gr.
1884 581 1907 602 p.
1923 579 1955 596 ΞΒ.

1832 605 1842 612 ·
1857 602 1939 624 Matth.
1957 602 2040 623 ΧΧΠ.

1831 632 1884 675 ilis.
1900 655 1958 676 1.1n.
1973 659 1993 676 ιι.

1832 711 1842 719 ‘
1851 708 1878 729 u.
1889 708 2011 730 Coraxnt.
2021 712 2039 730 t.

1830 1319 1840 1327 ⁸
1855 1316 1903 1336 loll.
1919 1316 1955 1339 XI.
1974 1322 2003 1339 [ΔΔ

1831 1381 1841 1390 ⁸
1856 1380 1912 1401 thid.
1930 1383 1963 1401 Si.

1831 1441 1841 1448 ‘
1856 1438 1938 1459 Mattti.
1954 1439 1990 1460 lX.
2010 1444 2016 1459 '0

1831 1466 1851 1485 et
1867 1465 1929 1485 alibi.

1832 1615 1938 1662 {Manu
1961 1615 2024 1636 xxlx
2036 1630 2040 1635 .

1833 1645 1866 1662 ¹6.
