2203 3331
172 2279 178 2285 ⁴
196 2276 242 2296 loli.
260 2275 297 2295 Η.
313 2278 345 2296 Si.

397 206 440 239 08
945 207 973 230 S.
1000 207 1171 232 stcsspnom
1197 207 1451 231 ANTmmnthccs
1477 207 1513 230 11.

395 268 516 318 perfici
546 278 668 313 corpus
695 262 787 311 quod
811 277 850 298 cx
873 272 990 298 saneta
1015 264 1156 311 Virgine
1186 263 1336 310 sumpsit.
1366 263 1462 308 Quid
1491 276 1571 309 ergo
1598 263 1643 298 sit
1671 277 1797 314 corpus
1825 268 1889 303 hoc
1913 279 1989 317 post
2015 284 2066 307 sa-

397 342 497 364 crum
525 323 754 361 ministerium
780 332 812 359 et
833 324 1148 359 sanctificationem
1175 325 1359 365 esseorum,
1380 337 1547 371 quaerere
1575 337 1717 360 necesse
1747 336 1819 371 est,
1845 330 2064 367 circumscri-

396 398 493 437 ptum
515 402 558 421 ne
582 387 626 420 sit
647 399 691 420 an
714 385 1084 432 incircumscriptum?
1106 383 1459 431 Incircumscriptum
1478 383 1621 431 quidem
1642 398 1744 421 nemo
1766 387 1811 422 ita
1834 398 1950 425 mente
1972 391 2063 427 deie-

397 459 471 484 ctus
500 448 737 495 attonitusque
767 446 851 487 erit,
873 445 932 494 qui
959 447 1140 480 nominare
1167 445 1277 487 ausim
1302 459 1367 479 nec
1397 445 1511 492 ipsum
1534 444 1679 493 quidem
1698 447 1902 485 Mamonam
1930 451 1963 485 id
1991 466 2065 487 um-

395 523 499 558 quam
525 509 706 543 dicturum
729 515 823 555 puto.
853 506 926 552 Qui
951 507 1042 541 enim
1066 506 1130 540 tale
1152 520 1222 540 esse
1247 513 1380 553 potest,
1402 504 1496 553 quod
1517 505 1628 540 oculis
1651 506 1832 543 hominum
1855 512 2064 548 sensibiliter

395 570 590 611 obiectum,
613 577 647 603 et
668 567 826 602 humanis
849 567 1008 602 manibus
1030 575 1228 614 porrectum
1242 594 1250 608 ‚
1273 574 1305 599 et
1327 565 1416 599 intra
1439 565 1563 600 dentes
1584 566 1810 611 conclusum,
1834 578 1867 604 et
1889 571 1990 606 edule
2019 573 2064 607 sa-

394 639 490 665 ctum
519 629 594 664 est?
622 627 740 671 Haec,
764 628 905 675 inquam
925 626 1009 674 quid
1031 626 1127 661 aliud
1148 640 1253 674 quain
1276 626 1389 673 ipsum
1412 640 1486 660 csse
1510 625 1816 675 circumscriptum
1840 631 1984 666 omnino
2006 633 2063 667 ad-

392 691 531 725 firmant
558 697 660 737 atque
689 688 908 723 ostendunt?
937 685 977 720 Si
1007 700 1086 733 ergo
1114 686 1180 721 hoc
1211 685 1514 733 circumscriptum
1542 695 1611 729 est,
1638 687 1800 736 idemque
1830 698 1879 724 est
1907 690 1947 725 ad
1977 691 2062 727 illud

392 751 482 799 quod
513 750 614 784 initio
644 750 864 784 incarnatum
887 746 1044 782 Verbum
1070 746 1279 795 adsumpsit,
1302 747 1467 795 quoniam
1496 756 1530 782 et
1558 748 1599 782 ad
1629 748 1713 783 illud
1740 750 1914 793 refertur,
1940 752 2062 800 utique

393 811 479 846 illud
502 824 642 859 quoque
665 808 971 855 circumscriptum
993 807 1077 852 l'uit3
1103 816 1137 842 et
1159 821 1413 855 usquequaque
1435 808 1496 842 sibi
1519 809 1716 844 contrarius
1738 809 1920 846 Mamonas
1944 812 2063 861 depre-

392 871 572 906 henditur.
599 870 661 904 Vel
689 871 752 904 hoc
781 869 864 903 item
892 867 1239 914 incircumscriptum
1260 868 1497 915 reputandum
1526 877 1597 914 est3
1620 877 1652 904 et
1675 878 1750 905 tum
1772 870 1964 907 Mamonae
1988 887 2061 907 non

391 932 504 966 solum
531 930 757 965 incredulitas
784 937 885 976 atque
914 927 1146 974 irreligiositas
1168 927 1321 975 apprime
1343 929 1540 976 apparebit,
1561 943 1683 964 verum
1711 931 1812 965 etiam
1840 932 1927 967 risui
1947 947 1988 967 ac
2012 933 2063 968 lu-

390 992 503 1026 dibrio
528 991 663 1025 cunctis
688 997 791 1025 erunt
815 989 887 1023 cius
911 988 1114 1036 opiniones:
1138 987 1189 1021 vel
1216 996 1311 1022 certe
1337 988 1422 1023 illud
1448 1003 1556 1037 aeque
1583 990 1891 1039 circumscriptum
1916 993 1994 1028 suit.

494 1053 525 1087 3.
552 1051 670 1099 Atque
692 1051 778 1085 haec
799 1050 845 1084 ita
868 1049 1103 1083 demonstrata
1124 1056 1239 1083 sunto.
1269 1047 1340 1083 Sed
1364 1057 1396 1083 et
1416 1049 1510 1084 aliud
1538 1051 1731 1086 absurdum
1754 1053 1837 1087 hinc
1860 1054 1891 1087 ei
1913 1054 2060 1089 obvenit.

392 1112 541 1158 Cogitur
561 1111 725 1145 nimirum
740 1138 748 1152 ,
769 1117 944 1157 quantum
967 1109 1041 1143 eius
1061 1109 1162 1143 verba
1182 1108 1315 1151 valent,
1337 1118 1398 1144 aut
1418 1109 1522 1144 simul
1544 1110 1851 1161 circumscriptum
1873 1114 1990 1149 dicere
2012 1114 2063 1149 di-

388 1173 509 1206 vinum
528 1171 687 1205 Verbum
710 1183 792 1205 cum
820 1170 884 1204 hoc
913 1183 953 1203 ex
980 1168 1250 1217 participatione
1274 1170 1363 1203 facto
1393 1183 1533 1218 corpore
1548 1199 1556 1213 ,
1576 1171 1631 1206 vel
1651 1172 1694 1206 ab
1718 1172 1775 1207 illo
1797 1183 1934 1221 propter
1954 1188 2060 1209 unam

386 1232 594 1280 hypostasim
624 1230 799 1276 dividere3
827 1230 873 1264 ita
902 1237 940 1264 ut
968 1243 1083 1277 reapse
1112 1229 1200 1264 nihil
1229 1243 1368 1277 prorsus
1396 1231 1461 1265 hoc
1493 1231 1677 1279 participet
1706 1233 1994 1269 sanctificationis
2026 1244 2060 1270 et

387 1293 524 1339 gratiae.
553 1290 649 1337 Quid
678 1304 781 1339 porro
809 1290 839 1324 ei
866 1290 1020 1332 accidet,
1042 1290 1113 1324 nisi
1141 1297 1179 1324 ut
1206 1290 1306 1338 panis
1334 1291 1530 1326 communis
1558 1299 1694 1327 tantum
1721 1293 1861 1341 vinique
1884 1294 1930 1328 sit
1955 1295 2062 1342 parti-

386 1367 467 1401 ceps
481 1381 489 1395 ,
509 1366 598 1401 quae
620 1351 709 1386 nihil
729 1352 770 1386 ab
791 1351 951 1386 humanis
973 1350 1134 1386 edulibus
1154 1350 1343 1386 disserant?
1374 1356 1422 1396 6⁸⁷¹>
1451 1351 1497 1387 Et
1524 1353 1681 1400 quamvis
1703 1354 1755 1388 uti
1777 1354 1961 1401 imaginem
1988 1369 2062 1389 eor-

390 1418 437 1457 5>
467 1413 558 1461 poris
586 1412 718 1448 Christi
740 1420 901 1460 reputare
922 1411 1157 1454 voluerimus,
1178 1411 1287 1446 veluti
1309 1426 1349 1447 ex
1375 1412 1431 1447 illo
1457 1413 1670 1456 deductum,
1694 1415 1858 1450 habemus
1882 1415 1997 1463 ipsum
2016 1415 2059 1450 ad

389 1480 436 1519 (ᾖ)
467 1475 611 1521 figuram
640 1473 794 1521 corporis
821 1473 905 1508 eius.
938 1479 985 1517 ἀρ
1018 1472 1121 1508 Sicut
1150 1473 1182 1506 in
1212 1473 1449 1520 superioribus
1478 1473 1595 1508 aiebat
1622 1475 1680 1509 hic
1708 1489 1879 1510 erroneus
1906 1475 2058 1523 sapiens,

385 1535 521 1569 iconem
542 1548 582 1569 ac
605 1542 828 1582 prototypum
849 1533 938 1568 nihil
965 1533 1055 1568 inter
1076 1547 1111 1568 se
1133 1533 1297 1576 differre,
1320 1534 1364 1568 ita
1392 1534 1495 1569 etiam
1522 1534 1599 1569 heic
1626 1535 1662 1569 in
1692 1535 1813 1570 eadem
1836 1537 1961 1570 versari
1989 1536 2060 1584 opi-

384 1595 488 1630 nione
510 1595 745 1643 cognoscitur.
766 1594 894 1629 Mirari
915 1603 1033 1629 autem
1055 1595 1089 1629 in
1111 1594 1161 1628 his
1178 1594 1262 1630 licet
1283 1594 1457 1630 levitatem
1477 1595 1550 1631 eius
1572 1604 1605 1630 et
1625 1596 1751 1631 mentis
1770 1596 2058 1639 inconstantiam,

383 1657 461 1704 quia
484 1656 518 1690 id
538 1656 633 1704 quod
654 1669 770 1704 nuper
796 1668 942 1703 vereque
968 1654 1102 1689 Christi
1124 1668 1250 1703 corpus
1272 1655 1474 1690 adfirmabat
1500 1670 1535 1690 se
1560 1656 1700 1691 credere
1715 1685 1722 1699 ,
1744 1670 1842 1691 nunc
1870 1656 1962 1691 idem
1985 1670 2058 1691 esse

384 1717 505 1751 scribit
534 1716 687 1765 corporis
712 1715 845 1751 Christi
868 1716 1064 1762 imaginem.
1089 1715 1200 1751 Porro
1222 1716 1306 1765 quid
1328 1717 1436 1764 magis
1464 1717 1654 1752 ridiculum
1675 1718 1842 1752 rationive
1864 1731 2060 1765 repugnan-

314 1791 346 1809 π.
384 1777 452 1812 tius
472 1777 549 1812 fieri
570 1785 701 1824 potest,
724 1789 829 1825 quam
852 1776 942 1810 idem
964 1776 1082 1811 dicere
1103 1777 1241 1825 proprie
1264 1791 1413 1825 vereque
1438 1791 1564 1825 corpus
1588 1791 1681 1820 esse,
1703 1777 1877 1826 simulque
1901 1777 2059 1811 eiusdem

383 1838 594 1885 imaginem?
616 1836 690 1871 Hoc
712 1845 830 1872 autem
851 1837 1054 1885 quomodo?
1077 1837 1211 1886 Nempe.
1234 1846 1337 1885 prout
1358 1840 1376 1858 ᾖ
1397 1838 1493 1872 nobis
1514 1838 1675 1884 libuerit3
1699 1847 1827 1873 cuncta
1850 1837 1984 1872 scilicet
2004 1850 2058 1871 vo-

379 1898 505 1934 luntati
535 1898 729 1946 stultaeque
759 1898 941 1932 lubentiae
973 1898 1184 1933 concedens.
1212 1898 1285 1934 Ubi
1314 1898 1407 1933 enirn
1436 1899 1520 1933 fides
1550 1899 1758 1946 divinusque
1789 1899 1891 1932 timor
1922 1897 2055 1931 radices

380 1973 453 1993 non
478 1967 642 2005 egerunt,
664 1958 715 1993 ibi
741 1958 929 1993 voluntatis
952 1958 1059 1993 libido
1089 1958 1290 1993 dominatur
1316 1960 1378 2006 (1).
1406 1958 1522 2007 Atque
1550 1959 1616 1993 hoc
1644 1959 1832 2001 habemus,
1853 1958 1989 2006 inquit,
2011 1956 2056 1991 ad

379 2021 525 2067 figuram
554 2020 627 2054 eius
651 2021 726 2067 (2),
747 2033 817 2054 non
844 2027 986 2067 propter
1015 2019 1216 2062 veritatem,
1238 2020 1295 2054 sed
1323 2028 1425 2068 prout
1448 2020 1522 2068 ipse
1545 2019 1694 2054 definire
1717 2018 1891 2061 voluerit,
1914 2017 1982 2052 sive
2011 2016 2056 2051 ita

380 2095 432 2115 res
459 2095 494 2115 se
522 2081 669 2123 habeat,
690 2079 760 2114 sive
790 2094 899 2115 secus.
927 2093 965 2115 ΑΤ
991 2094 1071 2115 mim
1101 2094 1159 2114 NOS
1187 2094 1290 2122 NEQUE
1320 2094 1483 2116 innomi-:M
1512 2094 1618 2122 NEQUE
1642 2094 1783 2115 FIGURAM
1809 2092 1959 2114 conpoms
1985 2091 2056 2113 Eius

381 2154 459 2176 HAEC
482 2155 635 2184 memus,
656 2154 783 2176 ΕΤΙΑΜΞΙ
804 2155 985 2176 srmssomcts
1005 2154 1105 2175 smffls
1127 2154 1332 2177 PERAGUNTUR
1346 2169 1353 2183 ‚
1375 2155 1431 2176 SED
1454 2155 1548 2176 IPSUM
1569 2154 1690 2176 emusTi
1711 2154 1829 2175 conpos
1849 2152 2055 2174 DEIFICATUM.

381 2200 468 2236 Eius
494 2202 585 2237 enim
611 2203 712 2237 verba
739 2210 838 2238 sunt:
863 2202 931 2236 nisi
958 2202 1248 2237 manducaveritis
1278 2216 1420 2238 carnem
1448 2202 1510 2237 filii
1537 2202 1710 2244 hominis,
1736 2210 1768 2236 et
1796 2200 1954 2235 biberitis
1983 2200 2054 2235 eius

383 2263 606 2309 sanguinein,
627 2276 697 2298 non
725 2263 895 2299 habebitis
922 2263 1026 2298 vitam
1047 2264 1083 2297 in
1105 2264 1202 2298 vobis
1229 2265 1256 2299 *ἦ
1285 2263 1385 2298 Idem
1411 2264 1478 2298 hoc
1505 2263 1606 2298 etiam
1626 2262 1809 2311 discipulis
1830 2261 1984 2296 tradebat
2006 2261 2055 2295 di-

380 2336 481 2358 cens:
504 2336 667 2367 ACC1P1TE‚
692 2337 882 2360 MANDUCATE
910 2338 1027 2359 conpus
1055 2339 1173 2367 MEUM,
1198 2338 1261 2359 NON
1290 2338 1454 2360 IMAGINEM
1482 2337 1632 2359 CORPORIS
1659 2338 1728 2360 ΜΕι.
1758 2322 1861 2358 Sicut
1891 2323 1984 2357 enim
2014 2335 2053 2356 ex

380 2391 497 2417 sancta
518 2382 661 2430 Virgine
687 2398 852 2427 carnem,
875 2383 1010 2433 Spiritu
1034 2393 1154 2419 sancto
1176 2393 1341 2432 operante
1356 2414 1363 2427 ,
1386 2384 1451 2419 sihi
1481 2384 1655 2430 confecit3
1678 2393 1710 2419 et
1736 2384 1765 2418 si
1792 2391 1927 2431 oportet
1950 2382 2052 2416 etiam

380 2456 419 2477 ex
440 2443 542 2477 rebus
564 2444 690 2478 nostris
718 2445 752 2479 id
780 2445 1017 2480 demonstrare
1032 2473 1040 2487 ,
1061 2445 1153 2480 sicut
1174 2446 1273 2493 panis
1293 2454 1397 2493 atque
1423 2446 1548 2481 vinum
1569 2453 1604 2480 et
1625 2458 1714 2493 aqua
1728 2473 1735 2487 ,
1758 2444 1899 2492 physice
1923 2443 1956 2477 in
1981 2455 2054 2477 cor-

379 2516 443 2550 pus
465 2503 740 2552 sanguinemque
762 2505 893 2540 edentis
914 2514 1018 2555 atque
1042 2506 1193 2541 bibentis
1216 2515 1491 2549 convertuntur,
1513 2505 1602 2554 quin
1626 2509 1744 2539 tamen
1766 2504 1924 2539 dicamus
1945 2503 2053 2537 diver-

379 2576 456 2597 sum
483 2563 558 2597 fieri
586 2577 711 2611 corpus
733 2574 892 2601 nostrum
912 2581 953 2602 ac
973 2574 1075 2601 antea
1098 2575 1190 2613 erat3
1211 2567 1255 2601 ita
1277 2567 1379 2602 etiam
1406 2580 1485 2602 HAEC
1509 2578 1843 2607 SUPERNATURALITER,
1864 2577 2052 2599 SACERDOTIS

455 2650 490 2679 (l)
509 2647 540 2674 Id
560 2653 650 2676 nostra
670 2650 752 2676 etiam
772 2655 857 2678 aetate
878 2653 971 2680 multis
991 2654 1152 2681 hominibus
1171 2654 1314 2681 usuvenire
1333 2653 1471 2685 videmus,
1491 2657 1521 2680 ut
1540 2652 1640 2679 amisso
1659 2652 1723 2678 fidei
1741 2651 1944 2687 gubernaculo,
1965 2653 1991 2676 et
2010 2649 2051 2676 di-

375 2692 431 2719 vini
451 2693 555 2720 timoris
574 2697 605 2720 ut
624 2694 659 2720 ita
679 2694 768 2721 dicam
790 2701 927 2731 magnete,
944 2698 1104 2731 gravissima
1125 2699 1266 2734 religionis
1285 2698 1412 2733 dogmata
1433 2697 1576 2724 contrariis
1595 2696 1756 2732 opinionum
1776 2696 1863 2723 ventis
1883 2695 1911 2722 in
1930 2695 2051 2730 ipsorum

376 2736 534 2763 fluctuantis
553 2738 638 2764 animi
658 2738 753 2773 pelago
772 2740 918 2774 agitentur.

456 2783 491 2812 (2)
510 2780 592 2808 Vides
612 2782 807 2809 lconomafhos
826 2783 878 2810 1100-
895 2792 1002 2819 quoque
1021 2787 1180 2819 gravissimo
1199 2794 1303 2819 errore,
1319 2794 1416 2821 nempe
1431 2785 1463 2812 de
1479 2785 1642 2812 eucharistia
1660 2785 1816 2819 figurativa,
1833 2783 1954 2811 fortassis
1974 2781 2052 2808 labo-

376 2824 491 2856 ravisse;
511 2832 593 2859 quem
616 2825 726 2860 quidem
751 2826 842 2854 denuo
865 2836 880 2853 a
904 2830 1046 2857 nonnullis
1069 2832 1248 2864 suscitatum,
1269 2830 1356 2858 valida
1381 2830 1544 2857 refutatione
1564 2830 1707 2865 prostravit
1727 2829 1767 2857 ill.
1789 2833 1815 2856 et
1833 2836 1887 2856 rev.
1909 2827 2053 2862 episeopus

376 2867 434 2894 Nic.
456 2869 651 2897 Wisemannus
671 2870 699 2898 in
718 2871 826 2907 egregio
845 2873 976 2907 opusculo
995 2875 1068 2909 quod
1087 2875 1226 2911 inscripsit
1244 2876 1333 2902 Ιιονιιε
1350 2876 1490 2910 syriacae.
