2203 3331
196 1183 201 1189 ”
218 1182 246 1202 15Δ
263 1180 301 1200 lx.
319 1183 337 1202 Ι.

132 1610 142 1619 “
158 1608 239 1628 Malui.
256 1608 283 1628 Υ.
301 1610 331 1629 12.

383 196 452 227 -20'4
982 203 1010 226 s.
1032 190 1211 227 >1.·1ε1ε11110111
1239 203 1477 227 APOLOGETICUS

388 289 409 298 .,
439 273 496 294 cos
523 267 554 292 ct
576 256 852 292 abominationes
875 257 1025 294 illorum.
1051 288 1073 302 „
1096 260 1173 295 Nisi
1200 274 1279 305 ergo
1300 259 1438 294 visualis
1459 258 1588 294 mentis
1614 259 1753 295 illorum
1775 260 1827 296 vis
1852 261 1998 297 omnino
2023 276 2073 298 es-

383 329 433 354 set
458 320 601 361 obtusa,
625 326 659 352 et
686 317 829 353 auditus
856 332 978 354 sensus
1006 334 1077 354 non
1106 328 1196 355 esset
1224 320 1367 355 adfatim
1397 320 1591 368 oppilatus,
1612 320 1733 369 utique
1761 321 1960 357 diceremus
1984 323 2072 360 illis:

312 394 344 411 υτ.
385 380 537 421 cernite,
561 387 591 413 et
615 378 833 418 auscultate,
856 388 962 428 atque
984 380 1164 415 adtendite
1191 380 1346 422 veritati,
1370 389 1404 415 ct
1426 380 1604 428 inspiratis
1631 394 1650 415 a
1677 380 1753 416 Deo
1783 383 1937 418 oraculis
1962 383 2070 418 nolite

381 439 592 474 discredere.
615 439 722 474 Nunc
748 453 829 474 vero
848 448 997 475 extrema
1017 442 1159 476 vesania
1180 441 1352 489 correptis
1366 469 1373 483 ,
1396 441 1481 489 quid
1502 440 1544 475 iis
1562 440 1734 489 quispiam
1753 442 1871 478 dicet?
1892 443 1963 478 nisi
1985 443 2072 478 illud

338 526 344 531 .
380 502 416 535 in
442 499 631 547 evangeliis
659 500 805 535 relatum
830 502 867 544 ²²²,
890 502 983 549 quod
1011 502 1041 536 si
1069 502 1235 550 Moysem
1258 511 1293 537 et
1319 502 1500 551 prophetas
1530 516 1603 537 non
1627 502 1799 546 audiunt,
1821 517 1864 539 ne
1887 504 1917 539 si
1941 519 1959 539 a
1984 518 2072 540 mor-

381 563 450 597 tuis
475 562 617 610 quidem
642 571 803 609 resurget
827 562 954 611 aliquis
970 592 977 605 ,
999 564 1095 598 laune
1121 564 1281 599 audituri
1306 572 1400 599 sunt.

483 622 555 657 Sed
584 621 680 657 enim
704 623 764 657 lios
789 637 876 657 vana
902 632 1076 670 nugantes
1100 624 1252 672 pudeat3
1275 625 1449 672 sapientes
1474 633 1593 659 autem
1617 638 1657 660 ac
1684 625 1814 660 sobrios
1839 639 1994 674 aequum
2019 635 2071 662 est

377 697 448 718 non
473 682 658 726 dubitare,
683 684 776 732 quod
799 683 935 719 iamdiu
959 685 1144 719 cessaverit
1166 694 1269 733 atque
1292 686 1445 721 abolitus
1467 686 1578 720 fuerit
1601 686 1835 721 absurdarum
1860 687 2071 734 religionum

378 758 483 780 error.
511 744 640 793 Neque
670 745 738 779 iam
766 745 914 779 ulterius
936 745 961 779 ii
982 745 1044 793 qui
1066 759 1172 780 suum
1200 746 1387 782 dominum
1415 755 1676 795 creatoremque
1702 756 1945 794 agnoverunt,
1966 747 2073 782 vitae-

377 819 445 853 que
474 814 680 848 auctorem,
704 814 738 840 et
765 806 1027 840 benefactorem
1056 806 1100 840 ol)
1130 814 1183 841 tot
1212 815 1379 856 tantaque
1409 808 1579 842 mirabilia
1602 807 1755 842 confessi
1781 815 1887 851 sunt,
1909 807 2005 842 haud
2032 808 2071 842 hi

376 866 521 914 inquam
542 866 585 901 ad
607 880 713 901 suum
733 866 904 901 vomitum
927 874 1161 909 revertentes,
1185 867 1307 902 dicent
1329 868 1489 916 stupidae
1514 877 1547 903 et
1568 869 1767 903 insensatae
1789 877 1978 917 mutaeque
2001 868 2073 905 rei:

377 926 480 962 Deus
507 936 627 962 noster
654 936 692 963 tu
725 941 781 973 es:
811 936 847 961 111
876 941 942 962 nos
970 927 1108 973 fecisti:
1134 936 1171 962 111
1199 928 1291 963 vitae
1318 937 1457 964 nostrae
1489 943 1635 965 cursum
1663 930 1806 977 dirigis3
1832 938 1870 965 tu
1892 930 1992 964 nobis
2013 929 2072 964 do-

377 988 539 1034 minaris3
565 997 600 1023 tu
623 988 709 1036 quid
730 988 924 1035 agendum,
948 987 1034 1036 quid
1056 1002 1175 1032 secus,
1199 989 1313 1025 doces.
1335 989 1429 1025 Nam
1449 990 1535 1038 quid
1556 991 1610 1025 his
1630 991 1793 1026 miserius
1813 991 1992 1039 magisque
2014 991 2072 1025 de-

375 1049 582 1084 vitandum?
611 1047 784 1097 Oportere
812 1056 929 1083 autem
958 1049 1117 1084 existimo
1132 1078 1140 1092 ,
1164 1057 1197 1084 et
1216 1049 1363 1098 quidem
1385 1050 1578 1086 admodum
1604 1052 1830 1099 tempestive,
1853 1051 1895 1086 ad
1916 1051 2071 1086 vocatio-

374 1123 456 1145 nem
478 1109 636 1157 gentium
657 1109 849 1144 orationem
870 1118 1028 1145 nostram
1050 1124 1172 1145 rursus
1196 1119 1425 1154 convertere,
1448 1120 1481 1146 et
1502 1111 1588 1159 quid
1609 1111 1653 1147 de
1675 1113 1741 1147 hac
1763 1127 1800 1148 re
1823 1112 1918 1148 dicat
1938 1112 2071 1147 theolo-

374 1184 438 1218 gus
459 1170 730 1205 animadvertere
752 1172 779 1205 *ἦ
801 1176 824 1191 “
848 1169 875 1204 R
885 1171 959 1217 egio
980 1170 1140 1205 Zabulon
1155 1199 1163 1214 ,
1185 1179 1220 1205 et
1245 1179 1338 1206 terra
1363 1171 1589 1220 Nepfflalim,
1614 1180 1648 1207 et
1667 1173 1796 1221 reliqui
1824 1173 1992 1208 maritimi
2016 1173 2071 1208 lit-

376 1260 399 1274 „
429 1231 512 1266 toris
534 1231 667 1266 incolae
682 1260 690 1273 ,
713 1240 748 1266 et
768 1239 863 1266 trans
884 1231 1070 1266 Iordanem
1084 1260 1092 1274 ,
1113 1240 1231 1280 partes
1256 1232 1417 1279 gentium
1438 1232 1593 1268 Iudaeae
1619 1234 1694 1280 (1),
1716 1233 1867 1282 populus
1888 1233 1950 1282 qui
1971 1233 2072 1269 sedet

376 1320 398 1335 „
429 1292 466 1326 in
498 1292 677 1335 tenebris,
699 1306 861 1339 magnam
882 1292 998 1327 lucem
1021 1293 1174 1341 aspiciat.
1204 1292 1277 1339 Qui
1304 1293 1469 1328 habitatis
1491 1294 1529 1328 in
1551 1294 1696 1341 regione
1719 1303 1753 1329 et
1772 1294 1899 1329 umbra
1922 1293 2071 1337 mortis,

375 1381 398 1396 „
426 1353 487 1388 lux
515 1353 609 1387 vobis
639 1353 763 1388 oborta
791 1362 852 1388 est.
877 1382 900 1397 „
922 1353 996 1388 lam
1016 1368 1099 1389 vero
1121 1354 1414 1402 propheticorum
1435 1355 1566 1390 horum
1586 1356 1774 1391 verborum
1803 1355 1940 1404 sapiens
1961 1364 2067 1403 atque

371 1414 558 1463 inspiratus
582 1415 774 1463 interpres,
795 1414 885 1449 clare
905 1415 1096 1450 admodum
1117 1423 1150 1450 et
1172 1415 1452 1464 splendidissime
1476 1416 1667 1451 enucleans
1684 1416 1786 1451 nohis
1802 1417 1961 1464 ipsorum
1977 1416 2068 1459 vim,

372 1484 407 1510 et
430 1475 712 1524 praedictionum
739 1476 872 1511 exitum
898 1490 1073 1524 exponens
1088 1505 1096 1519 ,
1118 1476 1327 1512 Matthaeus
1352 1476 1501 1526 inquam
1525 1477 1627 1513 divus
1651 1477 1853 1526 apostolus,
1874 1477 1938 1526 qui
1964 1476 2069 1512 nobis

370 1536 605 1584 evangelicam
624 1536 808 1571 historiam
830 1537 1045 1586 composuit,
1065 1551 1130 1572 eeu
1152 1537 1311 1572 radi'cem
1331 1537 1510 1586 quandam
1530 1551 1571 1574 ac
1592 1537 1869 1574 fundamentum
1886 1537 1970 1573 fidei
1987 1551 2069 1572 nos-

370 1607 444 1632 trae
468 1597 705 1646 praciaeiens,
733 1606 768 1632 et
793 1596 989 1632 Servatoris
1012 1598 1125 1632 nostri
1154 1598 1333 1632 incarnati
1359 1598 1574 1646 patefaciens
1598 1598 1827 1647 mysterium,
1851 1598 1940 1633 haec
1963 1597 2012 1632 ait
2037 1599 2066 1633 ᾖ.

369 1665 392 1680 “
427 1658 521 1694 Cum
541 1658 700 1693 audisset
720 1658 816 1693 Iesus
840 1658 937 1707 quod
959 1658 1134 1693 lohannes
1158 1658 1310 1694 traditus
1334 1667 1447 1701 esset,
1469 1659 1613 1694 secessit
1637 1659 1674 1693 in
1697 1658 1910 1704 Galilaeam3
1932 1658 2069 1694 relicta-

371 1747 394 1761 „
423 1733 491 1767 que
519 1719 720 1762 Nazareth,
742 1719 887 1754 veniens
915 1719 1086 1754 habitavit
1109 1719 1147 1754 in
1176 1718 1429 1768 Capharnaum
1454 1720 1653 1763 maritima,
1675 1720 1712 1754 in
1738 1720 1872 1754 finibus
1898 1718 2066 1755 Zabulon

370 1809 394 1823 ‚‚
421 1788 455 1815 et
477 1779 690 1829 Nepthaliin.
714 1779 768 1816 Ut
792 1780 1042 1828 adimpleretur
1062 1780 1156 1829 quod
1180 1780 1316 1816 dictum
1339 1789 1391 1816 est
1410 1795 1473 1828 per
1495 1781 1624 1816 Isaiam
1643 1781 1867 1829 prophetam:
1888 1789 1980 1815 terra
2000 1779 2067 1815 Za-

369 1869 392 1883 „
421 1841 529 1876 bulon
560 1850 594 1876 et
616 1850 705 1875 terra
727 1840 953 1890 Neplitalim,
974 1841 1027 1876 via
1049 1841 1155 1876 maris
1177 1850 1274 1876 trans
1296 1841 1507 1884 Iordanem,
1531 1841 1685 1877 Galilaea
1713 1842 1892 1889 gentium,
1914 1841 2068 1889 populus

369 1930 392 1944 „
420 1902 480 1950 qui
501 1901 647 1936 sedebat
669 1902 705 1936 in
728 1903 908 1945 tenebris,
926 1902 1014 1936 vidit
1035 1902 1151 1937 lucem
1171 1916 1350 1950 magnamg
1372 1911 1406 1937 et
1428 1902 1635 1938 sedentibus
1658 1903 1695 1937 in
1719 1902 1864 1949 regione
1886 1910 1919 1936 et
1941 1902 2065 1937 umbra

369 1991 392 2005 ‚‚
420 1963 563 2005 mortis,
580 1963 640 1997 lux
662 1971 736 1998 orta
755 1972 816 1998 est.
839 1963 979 1998 Exinde
1000 1963 1113 2011 coepit
1131 1963 1233 1998 Iesus
1252 1963 1459 2012 praedicare
1479 1972 1515 1999 et
1532 1964 1670 2000 dicere:
1688 1963 1939 2012 paenitentiam
1953 1964 2042 2010 agite
2055 1991 2064 2006 ,

370 2052 391 2066 „
422 2024 711 2072 appropinquavit
739 2024 835 2059 enim
858 2038 1008 2071 regnum
1035 2024 1223 2060 caelorum.
1252 2053 1275 2068 „

467 2085 636 2120 Profecto
659 2085 751 2134 qnod
774 2086 1003 2134 propheticus
1026 2099 1138 2121 sermo
1160 2086 1229 2120 sive
1252 2086 1491 2134 evangelicus,
1514 2100 1668 2135 namque
1692 2086 1819 2121 eodem
1841 2094 1991 2134 uterque
2014 2099 2066 2120 re-

365 2146 470 2189 cidit,
489 2147 541 2180 his
559 2146 669 2180 verbis
689 2147 852 2193 gentium
872 2146 913 2180 ad
934 2146 1087 2181 veritatis
1106 2146 1223 2182 lucem
1245 2147 1511 2181 conversionem
1531 2146 1794 2194 significaverit,
1812 2145 1905 2180 haud
1925 2158 2064 2192 magno-

364 2220 447 2254 pere
472 2206 704 2241 laborandum
733 2206 799 2241 erit
828 2215 864 2241 ut
892 2206 917 2240 ii
943 2207 1141 2253 intelligant
1172 2207 1236 2255 qui
1264 2207 1419 2255 apprime
1447 2207 1591 2250 volunt,
1615 2221 1736 2255 neque
1765 2206 1987 2241 oraculorum
2010 2205 2064 2240 in·

365 2267 512 2315 spiratae
539 2268 729 2316 scripturae
758 2282 900 2316 prorsus
925 2277 1007 2303 sunt
1034 2268 1154 2315 ignari.
1185 2267 1316 2303 Sciunt
1343 2269 1437 2303 enim
1462 2269 1592 2304 horum
1614 2268 1740 2316 periti,
1763 2268 1924 2303 ethnicae
1949 2266 2064 2302 stulti-

368 2328 433 2363 tiae
457 2329 591 2363 deditos
614 2329 772 2363 homines
795 2330 832 2363 in
854 2330 975 2363 unibra
1000 2329 1120 2363 mortis
1142 2329 1293 2371 sedisse,
1315 2329 1513 2377 profundae
1537 2329 1631 2364 velut
1658 2328 1877 2375 ignorantiae
1903 2326 2062 2362 tenebris

364 2389 549 2423 devinctos
564 2417 571 2431 ,
596 2397 627 2423 et
652 2398 878 2437 peccatorum
900 2390 1049 2437 caligine
1072 2390 1290 2424 inumbratos
1305 2418 1312 2432 ,
1337 2404 1403 2425 ceu
1425 2390 1588 2425 nondum
1609 2390 1727 2424 divino
1751 2389 1885 2424 lumine
1911 2388 2062 2423 illustra-

367 2459 440 2492 tos,
463 2458 497 2484 et
520 2449 738 2484 idololatriae
760 2450 948 2498 nigredine
972 2450 1086 2486 adhuc
1110 2451 1306 2485 infuscatos
1321 2479 1328 2493 ,
1352 2450 1449 2499 quod
1470 2450 1590 2486 hercle
1612 2450 1722 2485 dirius
1744 2457 1853 2484 morte
1875 2456 1926 2483 est
1948 2456 1984 2482 et
2007 2461 2060 2482 ca-

365 2510 571 2545 lamitosius.
598 2509 662 2544 Est
687 2510 782 2545 enim
807 2512 943 2547 animae
971 2525 1083 2553 mors,
1106 2525 1276 2559 veraeque
1302 2512 1393 2546 vitae
1419 2511 1621 2547 omnimoda
1644 2510 1800 2559 privatio.
1825 2508 1890 2543 His
1914 2510 1985 2551 ita,
2009 2509 2059 2543 in-

295 2585 326 2602 .-.
365 2571 464 2620 quit,
488 2571 525 2605 in
549 2571 766 2617 ignorantiae
792 2572 943 2606 tenebris
971 2572 1209 2607 habitantibus
1235 2571 1433 2607 Servatoris
1461 2572 1568 2620 gratia
1591 2571 1746 2613 refulsit,
1768 2579 1801 2605 et
1828 2570 1979 2605 iustitiae
2007 2569 2058 2604 sol

365 2633 509 2668 obortus
529 2641 581 2667 est
603 2632 664 2680 qui
684 2633 844 2667 atlieisini
864 2642 1007 2668 noctem
1026 2634 1184 2682 dispulit.
1210 2633 1430 2669 Circumibat
1449 2633 1542 2668 enim
1560 2632 1814 2681 paenitentiam
1832 2631 2056 2680 praedicans,

364 2702 401 2728 111
428 2693 589 2741 potestati
617 2693 764 2741 quidem
791 2694 992 2742 principum
1020 2695 1248 2730 tenebrarum
1276 2694 1584 2730 se²subducerent
1602 2722 1609 2736 ,
1639 2693 1880 2728 infirmitatem
1916 2692 2058 2728 illorum

364 2754 693 2802 fraudulentamque
724 2754 915 2789 efficaciam
944 2756 1152 2799 irridentes,
1174 2756 1290 2791 vocati
1319 2764 1438 2790 autem
1466 2755 1508 2790 ad
1536 2755 1655 2790 vultus
1683 2753 1828 2789 Domini
1856 2754 1977 2790 lumen
2006 2753 2060 2788 di-

446 2891 475 2919 1
499 2888 537 2913 {ta
558 2892 596 2913 est
618 2887 643 2913 in
665 2887 810 2922 >ln-ephori
830 2886 937 2919 codiee,
959 2888 1063 2916 etiamsi
1085 2897 1146 2916 mox
1165 2888 1237 2916 idem
1259 2889 1427 2924 Nirepliorus
1446 2889 1582 2915 museum
1602 2887 1631 2915 in
1651 2887 1781 2915 Matthaei
1802 2888 1870 2915 loco.
