2203 3331
774 179 838 204 mro
863 177 990 203 saxei-is
1016 175 1216 200 immamus.
1770 166 1834 200 251

157 240 286 276 sibile?
312 237 406 275 Nam
433 233 514 272 fidei
537 236 695 271 officium
717 244 768 271 cst
788 236 884 271 omni
902 235 1140 270 humanorum
1161 231 1427 267 ratiociniorum
1447 232 1587 281 sequela
1616 231 1743 267 omissa
1758 259 1766 275 ,
1787 244 1840 265 su-

160 299 397 350 pernaturalia
420 312 590 347 quaerere
605 326 613 341 ,
637 306 740 346 atque
765 311 783 332 a
805 296 876 333 Dei
899 295 1060 345 potentia
1084 293 1200 329 onmia
1224 293 1417 329 admittere.

239 360 362 397 Sancti
386 359 510 408 Cyrilli
531 358 770 402 alexandrini,
792 371 833 393 ex
856 356 1145 406 interpretatione
1171 354 1336 402 epistolae
1357 354 1400 389 ad
1422 354 1598 390 Romanos
1612 383 1620 398 ,
1641 354 1683 390 ad
1707 354 1763 389 illa

307 421 409 456 verba
432 419 584 469 (capX.
599 420 673 468 G.):
694 426 718 441 “
742 418 876 454 iustitia
897 426 1036 460 autem,
1053 430 1142 465 quae
1165 423 1217 450 est
1239 429 1280 450 ex
1300 415 1388 458 fide,
1411 415 1458 450 sie
1481 416 1564 451 dicit
1588 417 1649 463 (1).
1667 444 1689 458 „

261 482 407 518 Utiliter
432 482 578 525 definit,
598 480 795 516 cuiusmodi
817 494 890 515 esse
912 479 1034 514 debeat
1055 477 1142 512 fides
1164 485 1304 519 nostra,
1325 484 1364 511 ut
1384 489 1508 525 nempe
1537 476 1625 511 nihil
1652 477 1839 524 reprehen-

157 544 258 579 sibile
287 544 325 578 in
354 543 429 578 Deo
459 556 531 579 esse
561 542 696 584 credat,
725 541 786 576 sed
815 540 933 576 omnia
960 538 1154 574 rectissime
1183 538 1226 572 ab
1255 550 1294 572 eo
1321 537 1411 572 fieri.
1440 537 1600 586 Namque
1629 537 1773 572 omnino
1802 537 1837 571 in

156 605 266 640 dubio
293 605 443 648 versari,
470 603 712 652 imbecillaque
742 602 850 638 animi
878 600 1107 650 perplexitate
1136 607 1258 647 sponte
1286 606 1411 633 nutare
1429 626 1437 640 ,
1465 598 1669 633 detestanda
1697 613 1749 633 res
1778 607 1838 633 est.

157 665 311 701 Videtur
331 666 415 701 item
437 677 692 713 supervacuum
714 672 748 698 et
767 662 866 698 valde
888 661 1149 711 periculosum,
1170 660 1197 694 si
1219 659 1295 708 quis
1318 658 1487 694 existimet
1511 668 1669 706 oportere.
1691 659 1839 695 scrutari

158 741 214 769 ea,
233 741 319 775 quae
341 735 376 761 et
396 740 539 775 prorsus
561 723 751 760 ineffabilia
768 732 853 759 sunt
871 731 905 758 et
919 722 1139 757 intellectum
1157 729 1318 756 nostrum
1337 727 1513 768 superant.
1537 719 1724 765 Quomodo
1744 721 1841 755 enim

157 796 348 836 appareant
365 801 452 836 quae
474 786 575 821 Deus
597 799 723 820 arcana
744 785 880 820 ratione
897 792 1060 833 operatus
1082 783 1155 819 est?
1174 782 1323 830 Insuper
1341 780 1458 816 cordis
1475 780 1599 815 oculus
1621 781 1697 829 quis
1721 790 1839 816 tantus

154 849 223 891 sit,
245 857 285 883 ut
311 848 432 883 Deum
461 847 657 895 conspicari
680 846 814 895 queat?
840 845 953 881 Immo
973 859 1054 880 vero
1075 845 1151 893 quis
1179 843 1369 890 intelligat,
1393 842 1528 890 siquem
1549 842 1638 876 sorte
1663 841 1839 876 dicentem

158 917 424 945 cnarrantemve
451 923 509 952 ea,
532 923 619 957 quae
641 908 825 943 modulum
849 915 1006 942 nostrum
1032 905 1230 948 excedunt,
1250 904 1393 940 audiat?
1418 903 1509 938 Nam
1530 902 1695 938 dominus
1720 911 1838 937 noster

157 970 256 1006 Iesus
280 969 461 1013 Christus,
481 969 522 1004 de
546 969 688 1018 spiritali
710 968 972 1016 regeneratione
994 980 1077 1003 eum
1096 966 1293 1002 Nicodemo
1311 965 1488 1000 disserens
1504 964 1619 999 aiebat
1634 965 1667 1000 ξε
1689 970 1711 984 “
1736 978 1836 999 amen

158 1060 181 1070 .,
210 1045 310 1067 amen
338 1031 419 1066 dico
445 1031 563 1074 vobis,
584 1031 654 1065 nisi
682 1031 760 1079 quis
787 1030 905 1065 denuo
929 1037 1035 1064 natus
1062 1028 1193 1070 fuerit,
1214 1041 1287 1062 non
1315 1025 1459 1061 intrabit
1480 1026 1516 1060 in
1541 1039 1687 1072 regnum
1708 1024 1788 1061 Dei.
1813 1055 1836 1069 .,

156 1091 248 1127 Tum
279 1101 312 1128 et
339 1107 427 1141 quae
450 1092 500 1126 ibi
523 1100 744 1140 sequuntur,
765 1091 901 1126 adiecit.
929 1089 1050 1136 Quum
1077 1103 1156 1124 vero
1185 1088 1404 1124 Nieodemus
1434 1087 1523 1121 nihil
1550 1100 1690 1134 prorsus
1712 1086 1837 1121 intelli-

157 1161 272 1199 geret,
295 1162 384 1188 tune
406 1153 548 1187 demum
573 1151 734 1187 Christus
749 1179 757 1194 ,
779 1152 949 1186 humanae
977 1150 1102 1185 mentis
1122 1148 1377 1184 hebetudinem
1403 1148 1503 1195 longe
1531 1148 1651 1182 abesse
1673 1147 1716 1182 ab
1738 1147 1837 1182 intel-

154 1214 287 1260 ligendi
315 1213 505 1248 subtilitate
534 1213 734 1255 declarans,
755 1213 818 1248 ait:
843 1213 870 1246 si
893 1220 1032 1246 terrena
1051 1211 1144 1245 vobis
1172 1209 1350 1258 loquenti,
1372 1223 1446 1244 non
1473 1208 1632 1254 crediti53
1657 1208 1835 1257 quomodo

157 1275 184 1309 si
212 1275 333 1309 dixero
362 1274 458 1309 vobis
488 1274 669 1317 caelestia,
692 1273 863 1308 credetis?
891 1272 987 1308 Tum
1008 1272 1160 1321 perrexit
1181 1271 1317 1307 dicere:
1343 1284 1468 1313 amen,
1492 1284 1595 1305 amen
1617 1270 1696 1305 «lico
1720 1270 1834 1313 vobis,

155 1335 251 1383 quod
279 1336 408 1370 scimus
435 1335 633 1383 loquimur,
655 1342 690 1369 et
711 1334 804 1382 quod
825 1333 975 1368 vidimus
1002 1341 1190 1375 testamur,
1212 1340 1245 1367 et
1270 1331 1515 1367 testimonium
1541 1339 1702 1366 nostrum
1729 1344 1834 1365 nemo

153 1395 283 1442 recipit.
312 1395 408 1430 Sunt
438 1410 518 1443 ergo
545 1395 806 1438 inscrutabilia,
828 1409 916 1444 quae
945 1394 1063 1429 altiora
1090 1394 1189 1429 nobis
1217 1401 1310 1428 sunt.
1337 1392 1430 1428 Nam
1457 1392 1485 1427 si
1511 1406 1591 1427 vere
1621 1392 1771 1436 dicitur,
1795 1407 1834 1427 ea

155 1457 226 1504 ipsa
253 1470 342 1504 quae
371 1456 407 1490 in
434 1457 594 1491 manibus
622 1465 726 1500 sunt,
748 1457 802 1492 vix
830 1471 850 1491 a
876 1456 1001 1499 nobis,
1023 1455 1077 1491 uti
1104 1455 1276 1503 seriptum
1298 1462 1368 1497 est,
1391 1453 1658 1501 comprehendi3
1682 1453 1768 1502 quid
1796 1454 1834 1488 ni

151 1517 392 1552 necessarium
414 1518 459 1553 sit
480 1518 636 1566 opinari,
658 1518 695 1552 in
723 1517 765 1552 iis
793 1531 882 1566 quae
910 1517 1139 1552 ratiocinium
1160 1524 1321 1551 nostrum
1348 1522 1533 1563 superant,
1556 1514 1666 1549 multo
1695 1514 1833 1549 utilissi-

151 1592 242 1613 mam
265 1593 338 1613 esse
361 1579 487 1622 fidem,
508 1580 608 1615 nullo
631 1579 792 1614 examine
816 1579 1024 1621 comitante,
1047 1578 1143 1613 nulla
1163 1591 1251 1612 wana
1273 1577 1426 1612 adhibita
1446 1575 1701 1623 vestigatione?
1728 1574 1833 1610 Nam-

150 1653 218 1687 que
244 1640 282 1674 in
308 1640 360 1674 his
385 1641 489 1676 rebus
513 1640 700 1688 prudentia
722 1640 954 1689 praecipuum
979 1647 1227 1674 ornamentum
1250 1646 1303 1673 cst
1329 1639 1389 1686 (2).

460 1701 631 1736 Eiusdem
658 1715 697 1736 ex
722 1701 877 1736 seeundo
902 1701 993 1736 libro
1017 1701 1237 1747 dialogorum
1263 1713 1342 1735 cum
1366 1698 1522 1734 Heunia.

253 1761 361 1808 Quod
390 1762 498 1797 semel
520 1762 586 1797 fide
608 1770 811 1811 susceptum
832 1761 921 1805 fuit,
942 1762 1189 1797 audacioribus
1211 1775 1284 1795 non
1306 1769 1358 1795 est
1378 1759 1611 1795 scrutandum
1638 1758 1831 1806 vestigatio-

147 1823 264 1858 nibus.
294 1822 398 1858 Sicut
425 1823 518 1858 enim
547 1837 621 1871 spes
649 1823 701 1858 rei
727 1824 839 1866 visae,
862 1836 936 1858 non
965 1831 1014 1858 est
1043 1837 1140 1871 spes;
1167 1822 1299 1857 etenim
1327 1821 1420 1869 quod
1449 1821 1596 1869 quisque
1624 1819 1739 1862 videt,
1770 1833 1831 1854 cur

148 1885 216 1919 iam
244 1884 426 1932 expectet?
452 1885 500 1919 ita
529 1885 635 1919 etiam
664 1884 748 1919 fides
776 1884 962 1932 vestigata,
993 1892 1028 1919 et
1056 1883 1112 1918 eui
1142 1882 1399 1932 inquirendum
1425 1881 1514 1916 nihil
1541 1889 1719 1929 superest,
1746 1880 1831 1914 fidei

147 1944 222 1979 loco
249 1945 409 1980 habenda
430 1959 505 1980 non
527 1954 598 1989 est,
620 1954 729 1994 prout
750 1945 793 1980 de
815 1960 873 1993 spe
897 1959 1002 1994 supra
1030 1944 1202 1980 diximus:
1227 1943 1358 1979 etenim
1386 1943 1481 1992 quod
1509 1941 1577 1977 fide
1608 1940 1829 1983 aestimatur,

148 2005 373 2052 explorationi
398 2021 541 2054 prorsus
566 2021 638 2041 non
664 2015 718 2042 est
742 2007 943 2042 obnoxium.

252 2064 380 2101 Sancti
400 2066 564 2102 Iohannis
586 2068 811 2115 chrysostomi
837 2082 878 2104 ex
902 2068 1195 2116 interpretatione
1219 2067 1379 2116 epistolae
1401 2066 1443 2101 ad
1462 2065 1638 2100 Romanos
1663 2064 1726 2112 (3).

251 2132 274 2146 “
305 2126 347 2160 Ei
375 2136 492 2162 autem
518 2128 580 2176 qui
605 2137 727 2176 potens
758 2137 808 2163 est
837 2143 895 2164 vos
926 2130 1136 2164 confirmare
1164 2130 1260 2164 iuxta
1290 2128 1510 2175 evangelium
1538 2139 1657 2161 meum
1682 2133 1714 2160 et
1734 2138 1830 2173 prae-

150 2214 173 2228 .,
202 2186 417 2222 dicationem
446 2187 526 2223 Iesu
558 2188 712 2232 Christi,
741 2190 940 2225 secundum
967 2190 1214 2225 revelationem
1243 2189 1405 2238 mysterii
1433 2187 1650 2236 temporibus
1677 2185 1829 2221 aeternis

150 2275 172 2289 .,
201 2248 319 2293 taciti}
344 2262 442 2283 nunc
471 2257 586 2283 autem
615 2250 824 2285 manifestati
845 2265 909 2299 per
931 2251 1120 2300 scripturas
1143 2251 1357 2300 propheticas
1381 2249 1579 2284 secundum
1602 2256 1829 2296 praeceptum

149 2336 171 2349 .,
200 2309 330 2342 aeterni
358 2308 448 2352 Dei,
472 2309 515 2344 ad
545 2310 783 2346 obeditionem
804 2311 888 2346 fidei
909 2326 971 2360 per
993 2321 1114 2359 gentes
1143 2326 1269 2347 omnes¹
1295 2340 1318 2354 .,
1340 2310 1437 2346 Dum
1465 2311 1511 2345 ait
1538 2308 1828 2359 praedicationem

145 2368 225 2403 Iesu
254 2368 409 2413 Christi,
431 2370 466 2405 id
497 2379 547 2405 est
570 2385 676 2419 quam
704 2372 777 2420 ipse
804 2372 1038 2420 praedicavit,
1062 2387 1134 2408 rem
1163 2388 1233 2408 esse
1262 2373 1330 2407 fide
1357 2372 1498 2419 dignam
1522 2384 1635 2406 sermo
1663 2370 1826 2405 ostendit.

145 2428 285 2477 Quippe
313 2431 510 2478 evangelica
537 2432 721 2479 dogmata,
744 2433 957 2481 praedicatio
978 2433 1073 2469 illius
1098 2443 1200 2476 sunt,
1222 2447 1293 2468 non
1321 2441 1559 2468 commentum
1585 2440 1752 2466 nostrum.
1781 2429 1827 2464 Et

143 2491 289 2539 quidem
315 2492 474 2536 nemini,
498 2493 635 2541 inquit,
658 2502 736 2529 ante
759 2508 821 2529 nos
842 2495 907 2529 hoc
929 2495 1139 2543 mysterium
1159 2495 1325 2530 innotuit.
1355 2494 1452 2530 Olim
1479 2502 1576 2529 certe
1599 2493 1826 2542 praefinitum

140 2553 277 2595 suerat,
299 2567 398 2588 nune
421 2562 538 2588 autem
558 2568 621 2602 per
641 2555 863 2603 propheticas
888 2555 1078 2604 scripturas
1107 2557 1318 2604 patefactum
1342 2563 1399 2590 est.
1428 2553 1533 2590 Haud
1555 2554 1664 2601 igitur
1686 2561 1801 2588 metue
1816 2581 1824 2595 ,

224 2642 258 2671 (1)
278 2641 361 2667 Hune
380 2641 475 2676 Cyrilli
496 2641 588 2668 lorum
609 2650 658 2677 ego
679 2642 759 2669 intuli
778 2650 873 2677 graece
892 2646 920 2670 et
938 2642 1023 2670 latine
1046 2642 1075 2670 in
1095 2647 1200 2678 partem
1224 2642 1338 2670 latinam
1358 2650 1384 2678 p.
1405 2644 1448 2669 27.
1469 2640 1634 2674 voluminis,
1655 2648 1709 2676 quo
1729 2639 1824 2675 Cyrilti

140 2684 168 2710 in
187 2683 304 2711 Paulum
324 2686 535 2713 commentarios
555 2686 637 2713 edidi.

219 2731 255 2761 (2)
273 2729 343 2756 Nolo
362 2730 423 2757 heie
441 2735 561 2765 repetere
579 2739 650 2766 quae
670 2731 723 2758 iani
743 2731 797 2759 dixi
817 2733 846 2759 in
861 2732 1039 2759 adnotatione
1053 2735 1078 2759 2.
1093 2741 1119 2767 p.
1134 2735 1177 2758 ⁶28.
1199 2731 1233 2759 ad
1248 2732 1343 2768 Cyriiii
1363 2735 1467 2758 textum
1487 2734 1561 2757 tomo
1578 2728 1724 2765 praedicto.
1746 2728 1823 2753 Cete-

139 2773 216 2807 roqui
235 2773 307 2800 nihil
324 2773 512 2802 vehementius
532 2775 729 2803 inculcandum
750 2780 790 2803 est
810 2776 837 2803 in
857 2777 908 2804 hae
927 2781 1068 2812 grassante
1088 2781 1245 2804 nostrorum
1266 2781 1420 2812 temporum
1440 2775 1657 2811 irreligiositate,
1673 2780 1726 2807 qua
1743 2771 1821 2797 inulti

136 2817 286 2851 genuinam
304 2817 368 2845 fidei
387 2819 552 2847 christianae
572 2821 714 2847 notionem
735 2825 826 2848 niente
844 2821 1041 2849 absterserunt.

217 2863 252 2893 (3)
271 2861 378 2890 videsis
396 2862 601 2891 adnotationem
621 2869 743 2892 nostram
763 2868 789 2892 2.
811 2865 839 2892 in
859 2869 934 2900 parte
953 2873 1049 2901 graeca
1070 2873 1095 2900 p.
1118 2868 1177 2893 138.

1878 668 1916 689 Gr.
1934 674 1956 694 p.
1975 671 2016 689 tis.

1873 981 1884 990 ‘
1898 978 1947 999 1011.
1964 979 2001 1000 111.
2020 984 2035 1000 ζ».

1881 1767 1940 1794 Opp.
1955 1768 1980 1788 T.
1998 1767 2023 1786 v.

1867 1795 1926 1820 part.
1942 1795 1958 1815 l.
1974 1799 1995 1820 p.
2012 1797 2056 1815 4425.

1864 2130 1930 2151 Rom.
1945 2129 1978 2150 XX
1989 2129 2003 2149 l.

1865 2159 1938 2178 25-26.
