2203 3331
167 1032 176 1041 ⁹
194 1030 261 1051 llrbr.
278 1030 326 1051 VH.
341 1032 372 1052 19.

172 1217 180 1225 '
199 1214 266 1235 Hebr.
284 1214 321 1235 IX.
339 1217 368 1236 13.

422 165 489 198 238
1015 175 1043 198 s.
1070 175 1242 198 mci-:rnom
1268 174 1504 198 APOLOGETICL'S

419 228 626 264 animalium
647 227 900 263 irrationalium
920 229 1056 276 sanguis
1077 229 1307 271 offerebatur,
1327 229 1404 263 heic
1426 229 1507 276 agni
1528 229 1763 274 immaculati,
1779 231 1840 280 qui
1863 232 1949 266 tollit
1969 234 2093 268 mnndi

422 297 623 338 peccatum,
642 288 784 335 sanguis
806 290 959 326 offertur.
982 290 1132 338 Insuper
1149 290 1332 324 foederum
1355 304 1497 338 quoque
1521 298 1553 324 et
1573 290 1789 327 tabernaculi
1807 293 2007 328 differentia
2025 303 2092 332 est:

419 350 474 384 illa
503 349 597 383 enim
626 357 725 384 erant
754 350 953 398 temporalia
977 360 1010 385 et
1031 352 1226 385 manufacta
1249 359 1282 385 et
1304 363 1384 385 aevo
1415 351 1678 394 consumenda,
1702 366 1767 387 nec
1796 353 1902 388 ullam
1928 354 2094 389 stabilita-

417 420 487 445 tem
515 410 702 451 habentia,
723 419 825 459 atque
856 420 895 446 ut
922 412 1010 446 nihil
1041 421 1190 453 taceam,
1215 412 1280 445 iam
1308 412 1485 459 antiquata
1515 420 1597 446 sunt
1619 421 1652 446 et
1679 413 1788 456 vieta,
1812 415 1961 463 ideoque
1992 416 2092 450 etiam

416 471 562 507 abolita:
581 471 670 514 'liaeo
691 479 810 506 autem
830 486 943 520 neque
966 474 1164 507 manufacta
1186 487 1251 507 nce
1282 472 1502 520 temporalia,
1525 472 1586 507 sed
1611 482 1779 521 perpetua
1801 488 1840 509 ac
1861 476 2069 523 sempiterna
2083 505 2090 517 ,

415 541 574 567 renovata
591 546 725 580 semper
744 541 779 567 et
797 534 954 568 recentia
967 562 974 576 ,
994 534 1162 568 cessantia
1183 547 1393 582 numquam,
1411 548 1524 581 neque
1542 534 1735 569 minuenda
1753 535 1803 569 vel
1823 537 2090 584 corrumpenda.

415 591 584 640 Superest
612 601 652 627 ut
679 593 845 628 disserant
873 593 988 628 cultus
1017 594 1120 628 ctiam
1148 603 1179 628 ct
1208 594 1392 630 victimae:
1421 608 1572 642 namque
1603 594 1680 630 illae
1710 596 1900 631 crassiores
1933 606 2030 632 erant
2059 606 2091 631 et

413 655 587 698 carnales,
611 664 643 690 et
673 664 848 704 tamquam
872 657 905 691 in
926 656 1043 703 figuriS
1071 671 1123 691 res
1152 659 1286 692 futuras
1309 666 1339 691 ct
1362 657 1468 705 ipsam
1495 658 1676 692 veritatem
1699 658 1734 692 111
1766 667 1985 694 antecessum
2015 660 2090 694 cha-

411 724 567 750 raxantes
589 715 914 764 describentesque,
938 717 1090 751 necdum
1113 718 1360 765 perfectionem
1382 717 1537 766 adeptae.
1561 718 1688 753 Nostra
1711 708 1826 753 autem
1851 733 1944 754 sacra
1967 719 2003 753 in
2026 720 2091 767 spi-

412 775 481 810 ritu
500 790 539 810 ac
559 776 700 811 veritate
720 785 876 825 peracta,
893 777 1084 824 perficiunt
1105 792 1162 811 eos
1183 777 1242 825 qui
1266 779 1423 812 offerunt
1438 776 1517 812 VlJeo
1537 778 1749 813 sacrificinm
1771 779 1902 819 laudis,
1921 792 1981 827 per
1999 793 2087 827 quae

410 837 482 870 sine
507 850 611 884 pausa
633 837 784 872 clamant
803 837 890 871 abba
914 845 1016 884 pater.
1040 844 1062 858 ‘⁴
1086 837 1178 872 Nam
1199 839 1227 872 si
1248 839 1392 880 fuisset,
1415 838 1550 886 inquit,
1573 840 1743 886 perfectio
1766 840 1799 873 in
1822 839 1958 874 levitico
1980 854 2090 874 sacer-

413 926 435 940 „
464 897 579 940 dotio,
600 898 751 945 populus
774 897 868 931 enim
889 898 932 931 ab
954 912 995 932 eo
1017 898 1131 945 legem
1157 898 1369 946 accipiebat,
1391 899 1458 933 iam
1479 913 1564 947 opus
1587 913 1659 934 non
1691 909 1758 934 erat
1782 901 1889 935 alium
1916 901 2009 935 iuxta
2037 915 2089 935 or-

412 987 435 1001 „
464 959 582 993 dinem
603 958 845 993 Melchisedec
868 972 1049 1005 exsurgere
1072 959 1300 997 sacerdotem.
1330 958 1509 1004 Quoniam
1531 960 1583 994 lex
1605 961 1693 995 nihil
1716 962 1878 1009 perfecit,
1902 961 1962 996 sed
1983 961 2088 996 intro-

412 1047 435 1062 „
463 1019 582 1053 ductio
611 1027 660 1052 est
687 1018 836 1052 melioris
864 1018 958 1066 spei,
985 1032 1045 1066 per
1075 1032 1179 1067 quam
1206 1018 1284 1053 Deo
1312 1020 1634 1067 appropinquamus
1658 1022 1684 1055 ’ἵ
1712 1049 1734 1063 „
1761 1022 1886 1069 Reque
1915 1021 2085 1056 sacrificia

408 1080 459 1114 vel
480 1079 671 1113 oblationes
692 1087 850 1127 poterant
869 1079 1070 1114 seeundum
1090 1079 1340 1114 conscientiam
1363 1080 1578 1115 adoratorem
1596 1082 1773 1128 perficere.
1791 1089 1815 1102 ‘⁵
1835 1082 1970 1117 Deinde
1983 1110 1991 1124 ,
2010 1096 2084 1117 san-

411 1169 432 1182 „
462 1142 538 1187 guis
565 1140 706 1189 quidem
738 1149 916 1175 taurorum
937 1149 969 1175 ct
990 1141 1190 1183 hircorum,
1214 1149 1247 1175 et
1272 1141 1358 1175 cinis
1385 1141 1514 1176 vitulae
1537 1142 1730 1190 inquinatis
1759 1157 1940 1190 aspersus,
1961 1144 2086 1178 saneti-

409 1229 431 1242 „
460 1202 567 1235 ficant
593 1200 687 1248 quod
716 1200 857 1234 adtinet
885 1199 928 1234 ad
958 1201 1070 1235 carnis
1099 1201 1387 1236 emundationem
1410 1202 1436 1236 ἦ
1461 1230 1484 1244 „
1509 1200 1579 1236 Sed
1607 1202 1739 1237 Christi
1765 1203 1904 1250 sanguis
1931 1217 2084 1251 purgans

404 1275 421 1295 a
443 1261 590 1295 mortuis
613 1260 774 1308 operIbus
797 1260 1066 1303 conscientiam,
1088 1261 1130 1295 ob
1153 1261 1380 1297 serviendum
1401 1261 1479 1297 Deo
1500 1262 1630 1297 viventi
1653 1276 1693 1297 ac
1713 1276 1812 1305 vero,
1835 1262 1919 1311 quid
1940 1262 2083 1298 demum

403 1323 443 1357 ab
472 1322 626 1356 inimicis
655 1336 728 1356 esse
753 1322 1034 1358 existimabitur?
1063 1322 1158 1357 Num
1186 1336 1302 1371 neque
1330 1323 1556 1358 sanctificans
1585 1338 1702 1372 neque
1731 1325 1910 1372 purgans?
1935 1323 2083 1359 Prorsus

402 1382 584 1417 audebunt
609 1382 729 1417 dicere
751 1383 788 1416 hi
809 1382 983 1430 impuram
1004 1383 1261 1418 conscientiam
1283 1391 1442 1430 gerentes
1457 1412 1464 1426 ‚
1487 1392 1521 1418 et
1545 1383 1581 1418 in
1603 1384 1728 1419 mortis
1753 1384 1920 1432 operibus
1946 1397 2083 1419 versan-

403 1453 470 1480 tes:
491 1443 634 1490 sanguis
662 1443 734 1478 eius
763 1457 869 1491 super
896 1457 962 1478 nos
984 1452 1017 1478 et
1046 1458 1151 1492 super
1179 1444 1268 1479 filios
1294 1453 1440 1479 nostros.
1470 1443 1564 1479 Haec
1593 1445 1650 1479 isti
1678 1445 1797 1480 dicant
1818 1453 1852 1480 et
1872 1453 1995 1492 agant3
2020 1459 2084 1479 nos

399 1513 518 1539 autem
545 1504 587 1538 ad
612 1504 784 1552 reliquam
809 1504 978 1539 sermonis
1005 1513 1137 1552 partem
1162 1518 1354 1552 pergamus.

504 1565 562 1613 69.
591 1564 750 1599 Habebat
777 1564 917 1613 itaque,
941 1565 1080 1613 inquit,
1102 1565 1200 1613 prius
1221 1578 1363 1614 quoque
1386 1573 1644 1600 testamentum
1667 1564 1782 1600 cultus
1803 1564 2079 1599 iustificationes.

401 1624 586 1672 Quaenam
613 1640 695 1661 vero
722 1626 788 1660 hae
818 1635 851 1661 et
879 1626 1022 1674 quales?
1050 1625 1250 1661 Lucernam
1278 1627 1427 1661 habebat
1456 1635 1490 1661 et
1517 1639 1692 1669 mensam,
1716 1635 1748 1660 et
1769 1639 1902 1674 panum
1928 1625 2083 1674 proposi-

398 1687 539 1721 tionem.
570 1685 757 1732 Quomodo
778 1694 896 1721 autem
917 1686 1205 1734 appellabantur?
1228 1686 1400 1721 nimirum
1422 1695 1554 1723 sancta.
1583 1686 1752 1722 Nostrum
1772 1700 1853 1721 vero
1878 1687 2081 1721 tabernacu-

395 1747 468 1782 lum
489 1747 665 1795 quodnam
688 1748 765 1783 est?
782 1747 959 1795 quomodo
982 1748 1023 1782 ab
1044 1747 1196 1782 inimicis
1219 1748 1348 1795 gratiae
1369 1747 1502 1782 Christi
1521 1747 1800 1784 denominatur?
1819 1747 1958 1796 Nempe
1974 1747 2079 1793 longe

340 1829 346 1835 ·
395 1808 523 1843 melius
550 1808 608 1842 illo
636 1816 671 1842 et
698 1808 876 1842 sacratius.
906 1806 1004 1853 Quid
1035 1809 1129 1843 enim
1155 1809 1249 1844 aliud
1278 1808 1394 1843 dicere
1419 1817 1576 1856 oportet,
1598 1809 1666 1843 nisi
1693 1817 1867 1856 quantum
1894 1808 2015 1855 figuris
2044 1816 2078 1842 et

217 2367 254 2386 Cr.
269 2373 290 2393 p,
310 2369 352 2388 [Η.

396 1869 533 1904 umbris
553 1869 695 1911 veritas,
715 1878 749 1904 et
771 1869 839 1904 illis
860 1869 923 1918 qui
944 1878 1027 1904 sunt
1047 1870 1248 1904 intermedii
1266 1870 1324 1905 ille
1343 1871 1404 1918 qui
1422 1870 1565 1913 dividit,
1583 1870 1754 1917 dignitate
1772 1870 1944 1917 praestat?
1966 1869 2078 1917 Atqui

393 1931 434 1964 ab
455 1930 509 1965 his
532 1930 806 1965 tabernaculum
832 1939 994 1965 nostrum
1023 1931 1198 1979 quomodo
1227 1931 1448 1979 appellatur?
1476 1930 1643 1966 Profecto
1666 1930 1760 1965 haud
1786 1938 1968 1972 sanctum,
1990 1929 2076 1977 proli

392 1990 624 2038 blasphemia!
647 1991 706 2025 sed
729 1991 905 2039 piaculare
920 1999 1033 2040 *atque
1056 1992 1256 2040 impurumg
1280 2006 1397 2040 neque
1418 1992 1685 2026 iustificationes
1705 1991 1822 2026 cultus
1844 1992 1971 2025 babere
1986 2019 1994 2032 ,
2015 1989 2074 2024 sed

395 2052 607 2086 idololatriae
630 2051 791 2100 speciem.
821 2051 865 2086 Hi
886 2061 970 2087 sunt
989 2051 1066 2087 Deo
1088 2053 1267 2088 hostilium
1286 2052 1492 2099 linguarum
1512 2067 1640 2095 ausus,
1661 2066 1748 2100 quae
1766 2062 1816 2086 ne
1837 2052 1907 2099 pari
1931 2051 2074 2100 quidem

394 2126 475 2147 cum
495 2112 567 2158 lege
589 2113 720 2147 honore
743 2113 888 2159 gratiam
909 2113 1100 2156 adficiunt,
1118 2113 1175 2148 sed
1195 2114 1287 2148 inter
1305 2113 1507 2161 turpissima
1527 2121 1630 2161 atque
1649 2112 1882 2148 abominanda
1901 2121 2075 2160 reputant.

393 2173 506 2221 Atqui
534 2173 605 2208 illic
633 2174 777 2222 quidem
804 2174 972 2208 mediator
1001 2183 1032 2209 et
1060 2175 1221 2209 minister
1249 2183 1320 2209 erat
1346 2174 1569 2223 famulusque
1599 2183 1631 2209 et
1657 2188 1775 2209 servus
1803 2173 1969 2221 Moyses,
1994 2173 2072 2208 heic

395 2242 512 2268 autem
538 2234 676 2282 Nloysis
704 2235 828 2277 herus,
853 2244 888 2269 et
915 2235 1076 2269 omnium
1102 2235 1284 2278 dominus,
1308 2244 1340 2270 et
1367 2244 1567 2270 sanctarum
1594 2249 1714 2270 rerum
1739 2235 1899 2269 minister
1924 2234 2071 2282 verique

394 2295 629 2337 tabernaculi,
652 2295 747 2343 quod
774 2294 970 2338 Dominus,
993 2309 1064 2330 non
1094 2296 1220 2337 homo,
1244 2296 1379 2341 statuit:
1405 2296 1467 2344 qui
1497 2304 1530 2330 et
1560 2296 1631 2331 illic
1660 2296 1772 2342 legem
1801 2295 1902 2337 tulit,
1929 2303 1963 2329 et
1990 2295 2071 2329 heic

391 2354 558 2389 mediator
579 2364 628 2389 est
650 2355 739 2390 idem
762 2357 874 2391 sactus
895 2357 1004 2391 nostri
1027 2357 1146 2391 similis
1169 2358 1280 2393 1101110,
1310 2356 1354 2391 Et
1376 2357 1446 2391 illic
1469 2357 1625 2405 pontifex
1647 2356 1768 2390 Aaron
1789 2364 1822 2390 et
1843 2355 1991 2390 Aaronis
2014 2355 2072 2389 sti-

389 2424 544 2463 patores,
562 2415 639 2450 heic
661 2425 779 2451 autem
802 2417 873 2465 ipse
895 2417 1058 2452 dominus
1078 2418 1176 2453 lesus
1198 2418 1378 2457 Christus,
1395 2418 1527 2466 primus
1548 2431 1765 2465 magnusque
1786 2417 1943 2464 pontifex
1964 2425 2071 2463 prout

388 2488 452 2510 nos
480 2476 691 2510 eonfitemur
719 2485 751 2511 et
779 2478 966 2513 credimus.
995 2478 1040 2513 Et
1067 2479 1137 2513 illic
1165 2479 1310 2527 quidem
1330 2479 1476 2514 lucerna
1507 2493 1547 2513 ex
1574 2492 1658 2513 auro
1685 2478 1842 2512 confecta
1867 2476 2074 2511 hominibus

387 2537 422 2571 in
451 2537 573 2571 umbra
600 2552 639 2572 ac
667 2537 739 2584 lege
767 2539 986 2574 versantibus
1014 2540 1241 2588 praelucensg
1268 2540 1346 2575 heic
1374 2548 1489 2575 autem
1516 2539 1576 2574 lux
1603 2553 1681 2573 vera
1709 2543 1799 2587 quae
1830 2538 1865 2572 in
1893 2537 2070 2572 mundum

387 2597 549 2640 advenit,
571 2611 678 2646 quam
700 2599 865 2634 tenebrae
887 2600 1031 2648 quidem
1052 2610 1342 2649 persequuntur,
1364 2615 1435 2635 non
1462 2609 1574 2635 tamen
1598 2598 1926 2647 comprehendunt,
1948 2598 2010 2633 sed
2033 2598 2070 2632 il-

386 2657 533 2693 luminat
555 2671 696 2693 omnem
715 2659 895 2695 hominem
916 2662 1114 2696 venientem
1134 2663 1169 2697 in
1188 2662 1381 2703 mundum,
1399 2660 1627 2709 splendetque
1649 2660 1913 2695 ambulantibus
1933 2660 1970 2694 111
1990 2659 2069 2694 luce

385 2732 424 2753 ac
453 2719 637 2766 splendore
667 2719 806 2766 gratiae.
833 2719 963 2755 Mensa
994 2722 1065 2757 illic
1088 2737 1126 2757 cx
1153 2723 1257 2769 lignis
1288 2722 1561 2770 imputribilibus
1584 2722 1769 2762 confecta,
1790 2734 1951 2769 auroque
1979 2734 2068 2768 puro

386 2778 491 2815 illita:
510 2780 589 2815 heic
611 2794 651 2815 ex
672 2780 817 2815 materia
837 2781 982 2828 quidem
1003 2784 1096 2831 apud
1120 2798 1183 2817 nos
1206 2783 1426 2831 pretiosiore,
1445 2782 1504 2817 sed
1527 2795 1615 2829 quac
1637 2782 1678 2816 ab
1702 2782 1775 2829 ipsa
1793 2782 1908 2816 divina
1931 2781 2066 2816 victima

386 2841 646 2884 sanctificatur,
669 2849 704 2876 et
732 2849 852 2876 saneto
881 2842 1069 2879 irradiatur
1101 2846 1259 2892 Spiritu,
1286 2844 1321 2878 iu
1349 2857 1416 2891 qua
1445 2843 1607 2890 mysteria
1635 2842 1849 2877 adorationis
1879 2842 1913 2877 in
1942 2842 2062 2890 spiritu
