2203 3331
1742 169 1787 200 77

586 177 751 200 ADVERSUS
777 176 1023 200 CONSTANHNUM
1048 176 1281 201 COPRONYMt‘M.

98 243 155 272 tus
177 243 237 271 est.
260 232 367 280 Quod
389 232 484 267 enim
503 241 640 269 veteres
662 229 772 283 γράψαι
794 232 957 267 dicebant
977 245 1038 279 pro
1060 244 1118 273 e0,
1137 231 1231 279 quod
1255 240 1305 267 est
1329 232 1479 280 scalpere
1500 233 1570 280 (1),
1589 245 1660 266 non
1680 231 1784 279 longe

97 298 192 332 abest
218 310 238 330 a
265 293 522 342 significatione
550 294 676 329 horum
707 294 752 341 (i.
775 308 804 329 e.
825 291 1004 328 scribendi
1032 299 1065 325 et
1089 290 1293 339 pingendi.)
1327 291 1618 340 Circumscriptio
1645 300 1785 336 autem,

96 357 215 399 aiunt,
232 355 286 390 1115
310 354 480 400 0111011111,
498 354 630 389 etenim
653 353 985 401 circumscriptum,
1004 359 1065 386 aut
1087 351 1163 386 loco
1185 351 1493 387 circumscribitur
1506 381 1513 395 ,
1531 361 1590 387 aut
1609 361 1762 400 tempore
1775 380 1783 395 ,

97 426 158 452 aut
183 415 428 458 inchoatione,
450 424 511 450 aut
540 413 874 463 comprehensione:
897 412 974 447 loco
1002 411 1167 460 quidem,
1191 419 1229 446 ut
1259 425 1423 459 corpora;
1445 412 1520 447 loeo
1549 412 1644 447 enim
1673 413 1785 447 conti-

96 486 229 513 nentur
243 506 250 520 ,
274 476 450 525 siquidem
475 476 574 512 locus
598 484 647 510 est
669 475 841 510 terminus
871 473 1052 516 contenti,
1074 480 1250 521 quatenus
1271 481 1481 506 contentum
1502 474 1678 510 continet:
1699 482 1784 510 teln-

95 552 178 587 pore
207 546 325 573 autem
348 547 383 573 et
410 537 633 572 inchoatione
662 535 748 570 illud
779 534 1084 582 circumscriptum
1110 541 1180 576 est,
1201 532 1295 581 quod
1324 546 1343 567 a
1372 541 1524 581 tempore
1550 548 1620 569 esse
1650 535 1783 583 coepit,

95 598 191 634 sicut
217 599 333 646 angeli
360 608 395 634 et
421 598 556 633 animae
587 595 831 632 circumscribi
857 594 1049 630 dicuntur:
1077 593 1301 643 corporaliter
1330 593 1423 628 enim
1450 606 1524 628 non
1553 595 1784 631 continentur

95 659 172 695 loco
200 661 313 707 angeli
328 689 335 703 ,
358 660 442 709 quia
463 660 573 694 forma
595 659 777 706 figuraque
800 665 941 699 carent,
963 664 1150 704 operantur
1171 663 1290 690 autem
1311 654 1348 689 in
1369 654 1447 689 loco
1468 655 1662 690 secundum
1681 665 1784 692 natu·

96 734 172 756 ram
193 735 311 764 suam,
333 721 416 770 quia
436 720 564 757 adsunt
584 718 633 753 ibi
653 717 876 767 spiritaliter,
898 726 1021 766 utpote
1045 716 1232 766 spiritales,
1255 724 1288 751 et
1310 729 1382 751 non
1403 724 1486 751 sunt
1507 716 1612 759 alibi,
1630 717 1690 751 sed
1712 717 1783 753 illic

96 790 139 816 ut
159 790 294 816 mentes
323 780 677 816 circumscribuntur.
706 777 831 813 Potest
854 778 958 813 etiam
985 777 1057 813 dici
1084 791 1140 812 eos
1162 791 1180 812 a
1202 785 1358 812 creatore
1388 790 1459 811 esse
1487 776 1783 826 circumscriptos.

96 841 273 890 Tempore
296 842 402 876 etiam
421 840 685 888 circumscripta
707 848 791 875 sunt
811 853 885 874 non
907 839 1021 874 solum
1043 853 1131 887 quae
1157 852 1227 873 esse
1249 845 1441 886 coeperunt
1455 865 1463 880 ,
1486 836 1547 872 sed
1568 851 1657 886 quae
1678 838 1784 873 finem

95 902 224 937 habent
253 911 285 936 et
311 911 525 944 extremum,
548 901 751 936 cuiusmodi
778 909 831 936 est
857 900 927 935 vita
953 908 1093 943 nostra,
1115 914 1201 948 quae
1228 901 1330 934 inuno
1357 898 1625 946 circumscripta
1646 912 1784 946 magno—

95 976 176 1010 pere
199 971 250 997 est
274 971 306 997 et
330 963 532 999 terminata:
554 962 798 1011 unusquisque
820 962 917 996 enim
935 969 1045 996 morte
1068 961 1176 996 finem
1197 961 1285 995 vitae
1309 959 1459 1008 accipit,
1477 968 1512 994 et
1531 958 1637 994 huius
1659 959 1783 994 mundi

94 1023 173 1057 finis
196 1024 451 1059 consummatio
479 1032 549 1067 est,
570 1038 639 1072 qua
667 1023 820 1058 mundus
846 1021 1010 1058 videlicet
1037 1021 1075 1057 in
1095 1022 1197 1057 aliam
1217 1023 1363 1057 formam
1390 1020 1595 1056 mutabitur.
1626 1020 1783 1055 Circum-

91 1084 266 1132 scriptum
294 1093 414 1120 autem
442 1084 756 1132 comprehensione
780 1092 851 1127 est,
873 1083 970 1132 quod
990 1091 1107 1118 mente
1129 1091 1162 1118 et
1183 1082 1326 1118 notione
1350 1081 1676 1130 comprehenditur:
1699 1094 1783 1117 nam

93 1144 432 1193 circumscriptionis
455 1159 563 1192 genus
585 1145 720 1180 dieitur
741 1145 846 1180 etiam
867 1144 1149 1193 comprehensio,
1167 1157 1236 1192 qua
1258 1143 1373 1191 angeli
1393 1151 1553 1177 naturam
1574 1155 1675 1178 suam
1690 1141 1784 1177 inter

91 1218 128 1239 se
157 1205 378 1253 aliquantum
407 1214 648 1254 cognoscunt:
670 1206 716 1241 ita
744 1215 784 1242 ut
812 1205 1117 1254 circumscriptio,
1138 1206 1181 1240 sit
1208 1204 1491 1253 comprehensiO,
1514 1212 1546 1238 et
1566 1203 1665 1238 limes
1692 1216 1783 1238 com—

92 1266 256 1313 prehensi
284 1281 322 1301 ae
351 1267 508 1310 limitati,
532 1267 585 1302 vel
614 1267 815 1302 terminatio
845 1266 957 1314 coepti
986 1274 1019 1302 et
1047 1266 1155 1309 moti,
1180 1266 1233 1301 vcl
1263 1264 1523 1314 comprehensio
1551 1264 1719 1299 intellecti
1748 1273 1784 1299 et

92 1326 235 1373 cogniti.
261 1326 366 1373 Quod
387 1336 504 1362 autem
526 1327 626 1363 nullo
650 1342 690 1363 ex
711 1328 765 1363 his
785 1327 894 1363 modis
919 1326 1142 1370 continetur,
1164 1326 1513 1375 incircumscriptum
1534 1334 1593 1361 est.
1621 1324 1781 1360 Christus

91 1386 198 1433 igitur
218 1387 422 1423 huiusmodi
449 1389 518 1423 iam
539 1389 643 1423 dictis
663 1388 775 1424 modis
796 1388 998 1423 humanitus
1027 1388 1314 1436 circumscriptus
1338 1396 1400 1424 est.
1426 1386 1518 1422 Nam
1545 1387 1627 1434 quia
1652 1399 1780 1434 corpus

92 1460 191 1490 vere,
215 1448 306 1483 sicut
333 1463 420 1492 nos,
442 1463 514 1484 non
539 1451 619 1485 ficte
642 1450 808 1497 gestavit,
830 1449 888 1484 ille
909 1448 970 1498 qui
991 1457 1066 1484 erat
1094 1449 1329 1498 incorporeus
1356 1448 1433 1483 loco
1461 1447 1781 1483 circumscribitur:

91 1516 125 1543 et
144 1522 257 1556 quum
278 1510 467 1557 temporale
489 1510 632 1545 initium
655 1511 809 1560 ceperit,
830 1510 893 1559 qui
916 1518 986 1545 erat
1008 1510 1264 1559 intemporalis,
1282 1518 1440 1559 tempore
1463 1507 1783 1544 circumscribitur:

91 1577 126 1603 et
146 1583 230 1604 cum
250 1570 451 1606 hominibus
473 1572 697 1620 corporaliter
718 1580 892 1615 versatus,
911 1572 1184 1620 comprehensus
1206 1579 1257 1606 est
1277 1571 1341 1620 qui
1363 1579 1435 1606 erat
1454 1569 1780 1618 incomprehensus.

198 1632 252 1665 13.
282 1630 405 1677 Quum
434 1640 481 1667 tot
510 1646 589 1680 ergo
617 1632 729 1668 modis
756 1632 892 1669 dicatur
920 1633 1227 1681 circumscriptio,
1249 1646 1373 1680 magna
1398 1640 1517 1666 tamen
1539 1631 1577 1666 in
1599 1630 1653 1665 his
1681 1630 1779 1665 ‹lisse-

90 1690 204 1725 rentia
225 1692 421 1739 reperitur:
442 1707 510 1728 nec
534 1693 629 1728 enim
649 1693 710 1741 qui
731 1693 862 1742 pingit,
883 1693 920 1728 id
942 1702 992 1729 est
1012 1694 1201 1741 imaginem
1221 1692 1376 1727 hominis
1396 1693 1498 1735 facit,
1521 1692 1564 1727 de
1586 1706 1657 1740 quo
1679 1704 1778 1726 nunc

89 1752 310 1800 propositum
339 1762 390 1788 est
419 1753 560 1796 dicere,
582 1754 735 1789 eundem
764 1754 869 1789 simul
896 1753 1075 1802 pingendo
1106 1753 1378 1789 circumscribet.
1407 1753 1534 1801 Neque
1562 1752 1592 1787 si
1619 1751 1697 1800 quis
1724 1751 1781 1786 ali-

89 1825 197 1860 quem
219 1812 356 1847 circum
377 1814 595 1857 limitaverit,
616 1814 747 1849 idcirco
771 1828 852 1850 eum
872 1815 909 1849 in
931 1814 1009 1849 loco
1032 1828 1102 1863 quo
1124 1814 1328 1849 continetur
1347 1813 1556 1855 concludet,
1576 1811 1780 1861 praesertim

88 1884 169 1907 vero
197 1887 270 1907 11011
298 1883 536 1922 praesentem:
562 1875 597 1909 in
628 1875 951 1923 circumscriptione
981 1875 1075 1910 enim
1102 1874 1300 1910 necessario
1328 1874 1425 1909 adest
1447 1874 1526 1920 ille3
1548 1887 1629 1908 cum
1657 1872 1780 1921 depin-

89 1933 181 1981 gitur
210 1943 349 1978 autem,
374 1936 469 1971 haud
498 1937 642 1972 0111111110
670 1937 866 1972 necessario
893 1936 1007 1973 adest:
1035 1937 1141 1971 immo
1169 1936 1324 1971 absolute
1351 1949 1468 1984 neque
1497 1935 1778 1978 circumscribet,

88 1996 246 2043 quamvis
275 1996 399 2045 aliquis
429 1997 605 2032 existimet
626 2011 660 2032 se
683 1998 748 2033 1100
776 1999 912 2034 facere:
938 2011 1078 2046 prorsus
1110 1997 1204 2033 enim
1224 1996 1259 2031 in
1282 1997 1324 2031 iis
1348 2010 1437 2045 quae
1468 1995 1692 2044 corporaliter
1716 1996 1779 2030 cir—

87 2057 383 2091 cumscribuntur
397 2086 404 2100 ,
426 2058 524 2093 100115
547 2066 599 2093 est
619 2058 680 2106 qui
703 2072 740 2093 ca
762 2058 918 2107 proxime
949 2057 1224 2094 circumscribit:
1248 2057 1335 2106 quid
1357 2065 1473 2092 autem
1500 2056 1546 2104 sit
1566 2056 1687 2099 locus,
1710 2056 1777 2091 iam

86 2115 227 2151 dictum
249 2126 308 2152 est.
338 2117 465 2167 Neque
486 2133 609 2154 rursus
623 2147 631 2162 ,
655 2119 683 2154 si
703 2120 782 2168 quis
803 2119 956 2168 aliquem
984 2119 1206 2167 corporaliter
1229 2118 1514 2161 circumscribat,
1537 2117 1701 2152 eumdem
1721 2117 1778 2151 de—

86 2177 220 2224 pingit,
243 2178 277 2212 id
302 2187 354 2213 cst
376 2179 450 2213 eius
471 2179 657 2227 imaginem
679 2180 779 2226 facit3
804 2180 900 2215 nulla
927 2180 1024 2215 enim
1052 2180 1138 2215 ratio
1161 2180 1251 2227 cogit
1273 2180 1338 2214 hoc
1361 2179 1503 2221 dicere,
1524 2178 1606 2227 quia
1629 2191 1696 2213 nec
1719 2178 1777 2212 ha-

86 2237 172 2272 bent
199 2238 285 2273 haec
317 2239 483 2287 (pingere
514 2240 648 2275 scilicet
670 2248 704 2275 ct
730 2241 1046 2289 circumscribere)
1077 2241 1169 2276 inter
1197 2254 1232 2275 se
1261 2240 1571 2282 consecutionem,
1593 2248 1634 2274 ut
1656 2248 1774 2287 postca

87 2298 236 2335 dicetur.
265 2299 425 2348 Namque
448 2301 485 2335 111
507 2301 571 2336 1100
593 2301 690 2344 1000,
711 2301 749 2336 111
770 2302 889 2350 aliquo
913 2302 1045 2337 scilicet
1068 2301 1199 2350 pariete
1223 2309 1281 2336 aut
1302 2300 1438 2344 tabula,
1460 2301 1610 2336 dicimus
1631 2300 1774 2349 quidem

86 2360 184 2408 pingi
204 2361 407 2403 hominem,
430 2361 490 2396 sed
513 2361 550 2395 in
574 2362 633 2396 illo
658 2362 730 2411 ipso
750 2362 828 2398 loco
850 2376 954 2397 nemo
977 2362 1131 2412 prudens
1155 2371 1188 2396 et
1209 2361 1370 2397 cordatus
1392 2361 1486 2396 dicet
1507 2360 1775 2403 circumscribi,

86 2419 122 2454 id
139 2429 190 2455 est
205 2421 357 2456 definiri.
375 2421 489 2456 Homo
507 2422 602 2456 enim
620 2422 656 2457 in
675 2423 823 2470 imagine
840 2419 901 2458 sua
918 2423 1076 2471 pingitur
1090 2422 1252 2471 quidem,
1267 2435 1339 2456 non
1358 2430 1472 2457 tamen
1490 2422 1525 2456 in
1540 2422 1611 2470 ipsa
1627 2422 1775 2457 circum-

87 2483 275 2526 scribitur,
292 2484 352 2518 sed
376 2484 414 2519 111
436 2485 515 2520 loco
539 2499 621 2520 suae
640 2486 799 2534 propriae
819 2486 1168 2534 circumscriptionis.
1189 2485 1233 2520 Et
1250 2485 1372 2521 modus
1390 2486 1519 2521 horum
1535 2485 1774 2533 multipliciter

86 2543 223 2581 differt:
240 2545 398 2593 pingitur
417 2546 512 2580 enim
528 2547 631 2581 homo
653 2547 830 2582 coloribus
850 2555 883 2582 et
899 2547 1025 2595 lapillis
1045 2547 1082 2594 (i.
1097 2561 1124 2582 e.
1139 2560 1242 2595 opere
1260 2547 1414 2594 musivo)
1435 2546 1461 2581 si
1480 2547 1527 2581 ita
1544 2546 1619 2582 fieri
1636 2545 1773 2581 contin-

87 2612 162 2650 gat,
186 2614 219 2640 et
239 2607 383 2655 quidem
404 2609 496 2643 varie
518 2622 556 2643 ae
578 2608 794 2643 multimodis
815 2609 1003 2656 figuratuS,
1027 2608 1244 2657 diversisque
1266 2608 1461 2655 coloribus3
1480 2620 1707 2656 nequaquam
1728 2615 1773 2640 ta-

86 2678 166 2700 men
186 2675 297 2714 potest
321 2668 370 2702 his
392 2669 474 2717 ipsis
495 2668 766 2713 circumscribi,
788 2669 871 2718 quia
891 2668 1265 2718 circumscriptionem
1286 2669 1384 2705 aliter
1405 2683 1440 2704 se
1462 2670 1588 2704 habere
1609 2667 1770 2702 diximus

166 2773 201 2803 (1)
219 2772 383 2800 Scholiastes
405 2781 453 2800 :ns⁴
473 2774 506 2801 ad
523 2775 644 2803 Iuvenal.
659 2776 705 2802 VI.
719 2779 787 2808 204,
803 2784 860 2803 voc.
877 2777 985 2811 scripto
1004 2783 1090 2808 aura,
1106 2779 1138 2802 ut
1155 2774 1237 2802 retuli
1257 2774 1287 2801 in
1305 2774 1438 2810 glossario
1455 2781 1529 2806 meo,
1544 2773 1583 2800 sic
1601 2771 1652 2798 ait:
1671 2781 1681 2793 ·
1698 2771 1770 2796 scri-

86 2824 99 2836 ·
121 2812 184 2841 bere
203 2819 229 2841 et
246 2817 373 2851 sculpere
391 2818 465 2853 apud
480 2819 600 2847 Graecos
618 2828 666 2854 per
684 2828 772 2847 unum
792 2819 905 2847 verbum
925 2820 1115 2853 resolvuntur,
1129 2818 1158 2845 id
1177 2823 1218 2846 est
1235 2821 1336 2856 γρόφως
1353 2818 1427 2846 unde
1441 2817 1536 2854 11οὲωο
1554 2822 1641 2843 unum
1660 2822 1709 2850 pro
1728 2813 1769 2840 al-

85 2868 97 2881 ν
120 2862 176 2886 tero
194 2867 294 2894 ponere
313 2862 410 2889 solent.
435 2876 445 2887 ·›
466 2864 538 2891 Sunt
556 2868 648 2892 autem
669 2865 766 2901 scalpo
786 2869 813 2893 et
830 2864 927 2900 sculpo
946 2863 1087 2892 interdum
1107 2872 1190 2900 prope
1211 2871 1373 2902 synonyma.

1820 423 1858 443 Gr,
1873 428 1895 448 fl.
1911 427 1944 443 m.
