2203 3331
0 508 5 511 ·
44 517 48 521 .
67 503 108 521 ¹52.

1768 182 1790 214 m

1794 182 1813 214 c:

1818 181 1837 213 ιι

645 244 854 282 TITULI
897 241 1348 290 CAPITULORUM

258 371 392 418 partim
413 369 647 418 Apologetici
665 371 829 411 maioris,
845 370 980 417 partim
999 365 1226 402 antirrhetici
1248 370 1365 408 tertii,
1385 371 1569 404 interiecta
1591 372 1730 406 lacuna.

158 502 184 524 1.
211 487 266 523 De
294 491 542 536 cognoscendo
573 499 727 540 tempore
755 504 796 525 ac
824 489 966 525 modulo

227 550 357 597 agendi
385 560 493 600 atque
518 551 672 587 dicendi.

114 647 118 650 ,
152 623 183 645 2.
211 609 420 647 Adhortatio
439 612 482 647 ad
498 612 726 660 cogitandum
743 612 785 646 de
807 610 966 647 secundo

230 670 365 707 Christi
393 673 555 708 adventu.

151 733 182 768 3.
210 731 266 768 De
296 734 421 769 tradita
449 749 490 770 ex
517 733 620 769 initio
643 749 661 769 a
685 734 773 769 divis
801 733 967 782 apostolis

227 794 308 830 fide.

149 858 182 902 4.
211 855 295 892 Non
331 865 489 905 oportere
525 856 715 891 sententias
754 855 966 905 prodigiosas

228 931 446 953 commovere
469 931 488 952 a
508 917 623 952 stultis
644 917 847 952 hominibus
870 931 967 952 exco-

225 978 355 1025 gitatas.

150 1038 181 1074 5.
209 1036 313 1073 Fidei
335 1038 572 1074 destructores
592 1039 712 1088 quales
730 1039 883 1086 suerint3
903 1040 967 1074 ubi

225 1099 268 1134 de
298 1101 444 1148 profano
472 1102 644 1136 monacho
672 1101 845 1137 Antonio.

150 1160 182 1196 6.
209 1159 265 1195 De
283 1162 596 1209 transgressoribus
616 1162 786 1210 episcopis
800 1176 841 1198 ac
855 1176 967 1197 sacer-

226 1221 390 1265 dotibus,
410 1231 445 1257 et
462 1236 481 1257 a
499 1222 694 1257 ministerio
711 1222 781 1257 Dei
801 1223 964 1272 expulsis.

176 1312 181 1318 .
208 1281 263 1317 De
281 1283 360 1317 falsi
376 1284 531 1318 nominis
549 1283 701 1332 synodo,
719 1284 788 1319 sive
808 1283 963 1333 Caiphae

152 1296 170 1331 χἸ

225 1344 398 1392 synedrio.

150 1405 180 1439 8.
210 1403 317 1450 Quod
349 1406 543 1441 secundam
574 1407 769 1455 passionem
802 1405 963 1442 Christus

222 1465 410 1513 pertulerit
429 1480 448 1501 a
468 1467 632 1503 iudaicae
659 1467 790 1502 mentis
815 1467 964 1503 homini-

222 1527 288 1561 bus
310 1527 346 1562 in
368 1527 506 1576 propria
529 1528 691 1575 imagine.

146 1600 178 1635 9.
205 1586 262 1622 De
279 1596 442 1635 negatore
466 1588 598 1624 Christi
614 1588 776 1624 Antonio
788 1617 796 1632 ‚
813 1597 848 1624 et
862 1590 961 1625 hoste

225 1647 361 1684 Christi
382 1649 542 1685 Iohanne
556 1678 564 1693 ‚
588 1658 621 1685 et
641 1650 786 1685 illorum
805 1658 909 1687 secta.

150 1722 204 1745 10.
232 1708 288 1745 De
329 1710 524 1758 irreligioso
563 1709 798 1746 Constantino
836 1725 962 1759 cogno-

220 1779 340 1805 mento
366 1770 547 1808 Mamona.

148 1844 161 1865 1
175 1845 202 1867 1.
232 1830 337 1877 Quod
354 1832 525 1880 praedicti
545 1833 705 1868 homines
726 1833 888 1881 dogmata
904 1834 961 1869 ha-

218 1893 306 1928 bent
326 1892 546 1929 Arianorum
572 1903 605 1928 et
626 1893 934 1930 Manichaeorum.

150 1966 203 1988 12.
230 1952 428 1989 Eusebium
449 1954 520 1989 iam
540 1954 624 1989 inde
653 1955 694 1989 ab
722 1955 826 1990 initio
853 1956 960 1991 fuisse

220 2015 402 2057 arianum,
433 2023 467 2049 et
493 2023 634 2063 patrum
661 2029 805 2051 suorum
831 2016 961 2065 princi-

219 2088 309 2122 pem.

149 2135 203 2170 13.
233 2134 341 2179 Quod
359 2135 467 2170 libros
488 2144 688 2171 sanctorum
705 2145 844 2186 patrum
865 2138 961 2173 adul-

220 2196 424 2231 teraverint.

148 2258 202 2301 14.
231 2254 284 2290 De
303 2256 567 2292 neotericorum
585 2258 790 2293 iudaeorum
805 2258 961 2308 blasphe-

219 2317 298 2352 mia.

145 2377 200 2414 15.
228 2376 284 2412 De
302 2379 586 2426 persecutionem
606 2380 714 2428 passis
735 2381 779 2415 ob
800 2381 960 2434 orthodo-

215 2451 295 2472 xam
322 2439 430 2474 fidem
457 2441 628 2488 episcopis
652 2449 686 2475 et
709 2441 957 2479 sacerdotibus.

145 2499 199 2535 16.
227 2498 283 2534 De
304 2500 520 2548 hypocritis,
540 2510 574 2536 et
598 2500 745 2551 tempori
766 2517 800 2538 se
822 2504 959 2539 consor-

216 2561 396 2596 mantibus
413 2591 421 2605 ,
449 2563 644 2598 similitudo
673 2564 954 2602 chamaeleontis,

147 2633 200 2669 17.
226 2619 282 2656 De
310 2622 633 2668 calumniantibus,
655 2626 750 2673 quod
777 2640 890 2675 usque
913 2626 957 2661 ad

219 2679 498 2720 Constantinum
521 2687 530 2734 (
549 2684 838 2737 Copronymum)
865 2688 956 2724 idola

217 2742 435 2780 adoraverint
464 2745 672 2783 Christiani.

144 2802 197 2839 18.
225 2802 403 2853 Expositio
427 2806 511 2843 fidei
536 2808 748 2845 orthodoxae
771 2810 814 2846 de
837 2810 955 2847 Trini-

216 2874 293 2902 tate.

1028 501 1083 537 19.
1111 486 1166 522 De
1197 486 1331 522 Christi
1358 487 1616 526 incarnatione.

1024 561 1082 584 20.
1110 546 1166 583 De
1194 556 1402 584 naturarum
1429 550 1582 586 duarum
1614 552 1748 587 unione
1776 554 1841 588 sub

1099 622 1173 644 una
1200 610 1400 658 hypostasi,
1423 619 1458 645 et
1481 611 1517 645 in
1542 612 1715 648 attributis
1744 613 1841 649 diffe-

1098 670 1218 706 rentia.

1024 744 1081 767 21.
1109 730 1291 767 Adversus
1312 731 1519 767 Nestorium
1538 741 1573 767 et
1592 732 1803 783 Eutychem.

1024 806 1081 828 22.
1109 792 1165 828 De
1182 793 1316 828 unione
1334 794 1522 829 inconfusa
1534 822 1542 837 ‚
1561 802 1593 828 et
1607 795 1839 831 distinetione

1099 854 1347 902 inseparabili,
1369 855 1412 890 de
1437 855 1702 903 operationibus
1724 871 1762 892 ac
1785 872 1841 892 vo-

1098 915 1304 951 luntatibus.

1023 976 1080 1012 23.
1110 975 1218 1022 Quod
1239 985 1398 1025 oporteat
1418 978 1578 1012 venerari
1601 977 1737 1014 Christi
1758 980 1840 1016 ima-

1099 1038 1221 1084 ginem
1249 1038 1449 1073 secundum
1481 1039 1712 1074 reverentiam
1730 1069 1738 1083 ‚
1766 1055 1838 1076 non

1099 1098 1298 1133 secundum
1325 1098 1474 1134 latriam.

1023 1161 1080 1205 24.
1108 1157 1165 1194 De
1193 1159 1235 1194 iis
1263 1159 1325 1208 qui
1350 1159 1478 1195 dicunt
1501 1159 1723 1196 Christianos
1745 1161 1839 1196 idola

1097 1220 1252 1256 adorare.

1022 1279 1079 1317 25.
1109 1279 1209 1327 Quid
1236 1281 1369 1317 dicturi
1393 1291 1529 1326 essent,
1550 1292 1660 1319 semet
1689 1284 1753 1332 ipsi
1780 1284 1838 1320 de-

1095 1342 1287 1390 plorantes,
1302 1343 1388 1392 lapsi
1403 1344 1556 1392 episcopi
1570 1353 1604 1379 et
1620 1345 1817 1381 sacerdotes
1828 1375 1836 1388 ‚

1094 1402 1341 1451 resipiscentes
1371 1404 1413 1439 ad
1441 1405 1706 1452 paenitentiam.

1020 1463 1078 1499 26.
1108 1463 1298 1510 Quomodo
1321 1479 1417 1500 sacra
1438 1466 1592 1514 symbola
1614 1467 1837 1503 conculcave-

1093 1525 1188 1569 rint,
1211 1534 1245 1560 et
1272 1526 1450 1574 quomodo
1476 1528 1707 1575 mystagogiac
1733 1529 1837 1563 verba

1094 1586 1198 1621 irrita
1223 1587 1384 1622 fecerint.

1019 1660 1076 1697 27.
1107 1646 1212 1694 Quod
1240 1661 1315 1683 non
1338 1648 1415 1684 sine
1438 1649 1647 1697 blasphemia
1675 1649 1837 1685 iudicant

1096 1708 1379 1746 Constantinum
1409 1712 1418 1759 (
1442 1709 1739 1761 Copronymum)
1776 1713 1837 1747 eri-

1093 1771 1210 1820 puisse
1241 1785 1297 1806 eos
1327 1786 1367 1807 ex
1394 1772 1591 1808 idololatria
1610 1802 1618 1816 ,
1650 1772 1837 1808 Christum

1093 1832 1181 1868 nihil
1197 1832 1359 1881 prodesse
1374 1833 1531 1882 posuisse
1542 1862 1550 1877 ‚
1566 1834 1672 1869 immo
1690 1834 1835 1869 noxium

1092 1894 1210 1930 fuisse.

1018 1955 1075 1991 28.
1103 1955 1276 2003 Indignos
1297 1970 1371 1991 esse
1390 1956 1509 1991 vocari
1532 1956 1758 1999 christianos,
1774 1970 1834 1991 ne-

1092 2016 1179 2051 dum
1206 2017 1398 2065 episcopos,

1017 2090 1075 2126 29.
1103 2076 1288 2125 Depositio
1317 2087 1351 2113 et
1379 2078 1506 2113 eiectio
1536 2078 1708 2113 canonica
1733 2086 1768 2113 et
1788 2078 1834 2113 le-

1092 2139 1212 2185 gitima
1250 2148 1548 2187 transgressorum
1588 2139 1834 2187 episcoporum

1091 2214 1132 2235 ae
1161 2200 1392 2236 sacerdotum.

1017 2262 1074 2297 3ο.
1102 2260 1379 2296 Demonstratur
1398 2261 1583 2309 perspicue
1601 2275 1691 2309 quae
1713 2261 1758 2296 sit
1778 2275 1833 2295 ve-

1090 2323 1227 2358 neratio
1250 2337 1329 2370 erga
1352 2323 1544 2369 imaginem
1564 2321 1715 2365 Christi,
1736 2331 1771 2357 et
1793 2322 1833 2356 si-

1090 2383 1253 2419 militudo
1280 2383 1494 2432 proponitur
1518 2383 1621 2430 sigilli
1647 2397 1688 2418 ex
1713 2383 1833 2418 arche-

1090 2453 1170 2492 typo
1199 2444 1356 2481 derivati.

1015 2506 1072 2541 32.
1100 2504 1156 2540 De
1172 2505 1214 2540 iis
1228 2505 1291 2554 qui
1306 2505 1431 2541 dicunt
1444 2505 1538 2540 idola
1554 2506 1658 2554 (nos)
1674 2505 1828 2540 adorare.

1015 2567 1071 2602 33.
1099 2565 1154 2601 De
1177 2566 1391 2601 audentibus
1412 2565 1546 2602 Christi
1564 2566 1758 2613 imaginem
1775 2580 1829 2614 ap-

1088 2626 1216 2675 pellare
1245 2626 1392 2663 idolum.

1010 2687 1196 2724 Hactenus
1206 2691 1399 2723 summaria
1413 2691 1653 2738 capitulorum
1666 2690 1828 2736 apologe-

1086 2751 1148 2784 tici
1165 2752 1318 2784 maioris.
1339 2748 1395 2784 Ob
1413 2752 1576 2785 sanissimi
1591 2756 1708 2783 antem
1725 2760 1828 2781 mem-

1086 2810 1236 2846 branam
1272 2811 1523 2848 desiderantur
1560 2812 1701 2859 reliqua
1737 2821 1827 2843 sum-

1084 2875 1198 2909 maria
1218 2885 1289 2908 non
1312 2875 1527 2922 apologetici
1548 2874 1684 2912 solum,
1704 2883 1823 2905 verum

1677 2942 1710 2966 34
