2203 3331
634 197 799 222 Anviznsrs
825 196 1069 222 cossranixm
1094 197 1327 220 cornoxvnm.
1758 188 1772 220 1
1784 187 1824 220 Π

144 257 269 292 rabant
295 256 357 302 (1).
380 253 488 289 Puris
510 261 627 289 autem
650 254 855 288 intellectus
881 252 934 288 sui
956 252 1067 287 oculis
1089 251 1190 286 divus
1213 253 1379 300 propheta
1408 252 1610 301 praevidens
1625 281 1632 295 ,
1654 265 1825 300 quaenam

143 317 229 360 illis,
250 322 434 364 apparente
457 314 493 348 in
515 322 604 349 terra
632 313 817 349 universali
845 321 964 348 nostro
993 320 1163 347 servatore
1193 311 1354 354 Christo,
1376 314 1590 348 conserenda
1619 321 1732 348 essent
1747 341 1755 356 ,
1778 313 1827 348 ait

140 380 214 413 sore
235 385 275 412 ut
297 375 416 410 divina
444 374 683 409 cfssorescente
710 373 878 420 evangelii
900 372 1162 420 praedicatione
1178 400 1185 414 ,
1208 371 1276 406 Dei
1300 372 1442 406 notitiae
1468 373 1645 407 oboriatur
1666 373 1748 421 ipsis
1774 373 1826 408 lu-

144 451 235 474 men.
263 436 308 471 Et
330 436 387 470 illa
406 435 551 484 quidem
570 434 701 483 polluta
724 434 841 469 onmia
863 441 1060 482 purgentur
1082 446 1122 467 ac
1144 432 1393 474 destruantur,
1415 433 1578 468 succedat
1603 442 1722 468 autem
1743 433 1826 468 divi-

144 511 274 534 norum
302 496 462 532 altarium
491 495 621 531 erectio
636 523 644 538 ,
667 503 701 529 et
720 508 817 529 sacra
839 493 1004 536 delubra,
1028 493 1066 528 in
1095 494 1225 542 quibus
1248 493 1402 528 vivificae
1426 494 1543 528 crucis
1565 502 1687 542 typus,
1711 502 1745 528 et
1765 494 1825 528 im-

144 558 311 594 maculati
330 557 480 605 corporis
501 556 633 592 Christi
655 555 796 590 divinus
817 554 1016 596 character,
1035 553 1219 602 splendide
1242 553 1529 593 collocabuntur,
1548 568 1566 588 a
1587 555 1713 602 quibus
1730 569 1826 603 prae-

142 619 241 654 dicta
262 619 336 654 loca
358 625 605 653 ornamentum
633 616 808 664 accipient
830 623 935 663 atque
957 628 1132 650 coronam.
1160 614 1212 650 Re
1241 623 1360 649 autem
1380 628 1459 648 vera
1486 614 1568 648 haec
1595 615 1744 649 feliciter
1772 629 1827 649 va-

147 680 268 715 ticinia
295 680 426 714 exitum
454 678 668 713 habuerunt.
699 676 803 711 Sicut
830 690 911 723 ergo
938 675 1034 723 ligno
1062 675 1222 722 lignum,
1243 675 1387 710 delubro
1414 674 1623 717 delubrum,
1646 676 1825 710 sacrificiis

144 740 341 783 sacrificia,
364 739 507 788 impuris
535 738 703 786 quibusve
731 745 836 785 atque
865 736 1105 771 abominandis
1134 750 1231 772 sacra
1260 745 1378 771 nostra
1403 745 1671 781 successeruut3
1698 736 1744 770 ita
1764 751 1824 784 pro

144 801 243 835 vanis
270 801 336 835 illis
364 799 575 848 impurisque
603 798 710 846 cippis
727 826 735 840 ,
764 806 802 832 ut
830 797 974 846 propius
1003 806 1107 845 atque
1138 797 1337 832 naturalius
1367 796 1582 844 propheticis
1609 796 1825 844 quadrarent

145 861 296 896 oraculis
311 889 319 903 ,
342 859 555 895 sanctissima
577 857 772 893 Servatoris
794 866 1045 900 monumenta,
1067 858 1102 892 id
1125 866 1175 892 est
1195 857 1413 892 venerandae
1436 857 1546 905 ipsius
1570 857 1734 903 imagines
1756 871 1824 891 una

146 935 230 957 eum
250 921 324 955 aliis
345 921 450 955 sacris
471 920 595 962 rebus,
617 933 678 967 per
699 919 900 966 Aegyptum
927 927 1034 953 totam
1056 932 1122 953 nec
1151 932 1221 953 nou
1251 918 1455 953 universum
1483 918 1598 952 orbem
1612 946 1620 959 ,
1641 917 1824 952 abundant

144 981 396 1030 multiplicatae
419 989 454 1015 et
476 980 663 1015 honoribus
690 979 858 1015 adfectae.
888 978 948 1014 Sic
976 993 1103 1028 nempe
1124 980 1185 1028 qui
1207 979 1248 1014 ad
1276 979 1480 1027 inspiratum
1506 979 1707 1027 prophetam
1734 992 1824 1013 com-

144 1051 348 1077 mentantur
372 1041 485 1077 saneti
509 1041 593 1083 viri,
614 1040 789 1089 praedicta
811 1041 915 1075 verba
941 1041 1191 1075 intellexerunt
1219 1041 1280 1088 (2).

247 1101 342 1137 Hinc
369 1102 412 1137 ad
439 1102 638 1150 antiquiora
669 1111 823 1149 tempora
852 1101 963 1136 oratio
991 1110 1108 1137 nostra
1135 1109 1305 1144 vertatur,
1335 1109 1373 1136 ut
1405 1101 1624 1136 observemus
1653 1101 1738 1150 quid
1769 1116 1823 1150 pa-

142 1163 294 1198 triarcha
315 1163 463 1198 Iacobus
487 1176 568 1198 cum
592 1162 743 1197 Charras
765 1162 1045 1211 proficisceretur
1067 1162 1191 1209 egerit,
1210 1163 1270 1210 qui
1290 1162 1360 1196 sole
1384 1162 1572 1197 occidente
1595 1161 1637 1196 ad
1661 1175 1822 1196 somnum
1867 1181 1895 1194 ,ιι
1920 1182 1932 1194 2.
1962 1181 1986 1192 ‹v-

146 1237 351 1266 conversus,
374 1237 414 1258 ex
443 1231 623 1271 praesente
652 1223 726 1258 loco
754 1223 908 1271 lapidem
936 1236 1099 1265 sumens,
1125 1223 1270 1258 cervical
1298 1222 1364 1257 sibi
1392 1223 1499 1265 fecit,
1524 1223 1641 1270 ibique
1672 1223 1821 1258 somnio-

143 1297 224 1318 rum
251 1284 414 1319 visionem
443 1293 608 1332 expertus
637 1292 697 1319 est.
725 1284 779 1318 Ac
800 1284 928 1318 deinde
958 1297 1079 1319 somno
1105 1283 1326 1331 expergitus,
1350 1282 1544 1318 Dominum
1566 1298 1606 1318 eo
1630 1284 1706 1318 loco
1728 1284 1822 1318 habi-

142 1352 214 1378 tare
229 1372 236 1386 ,
260 1358 294 1379 se
317 1344 430 1379 inscio
445 1373 452 1387 ,
474 1344 579 1389 dixitg
607 1358 756 1392 eumque
778 1344 965 1379 terribilem
987 1353 1021 1379 et
1041 1343 1111 1378 Dei
1133 1344 1279 1379 domum
1300 1344 1500 1392 appellavit,
1525 1353 1556 1378 et
1578 1344 1663 1379 caeli
1689 1353 1822 1392 portam

143 1418 214 1439 esse
237 1405 445 1452 imaginatus
468 1413 528 1440 est.
550 1405 645 1439 Tum
662 1405 838 1453 lapideum
854 1405 992 1452 cippum
1014 1405 1169 1452 erigens,
1189 1404 1304 1439 oleum
1327 1405 1401 1440 eius
1420 1405 1539 1439 vertici
1562 1405 1700 1447 infudit.
1722 1405 1821 1440 Num

140 1478 223 1511 ergo
244 1465 327 1499 haec
350 1473 485 1499 recusat
505 1463 602 1499 Deus
616 1493 624 1507 ,
648 1474 687 1499 ut
709 1465 758 1499 his
780 1465 939 1499 nefandis
960 1465 1125 1500 videtur?
1149 1464 1401 1514 Nequaquam,
1426 1465 1531 1500 immo
1555 1474 1588 1499 et
1610 1465 1820 1513 perlibenter

141 1525 313 1571 admittit3
341 1526 439 1574 quod
467 1540 507 1560 ex
535 1525 673 1560 oraculo
702 1526 861 1574 posthinc
889 1525 1015 1561 Iacobo
1046 1526 1137 1561 edito
1166 1535 1302 1561 constat
1328 1528 1365 1562 ²¹²:
1392 1532 1414 1547 ‘⁵
1441 1526 1512 1561 vidi
1541 1527 1654 1569 enim,
1680 1527 1818 1575 inquit,

143 1615 165 1627 ,.
194 1596 323 1634 quanta
351 1586 470 1621 Laban
495 1587 555 1621 tibi
576 1587 707 1623 fecerit.
736 1586 808 1634 Ego
830 1601 908 1622 sum
936 1587 1105 1623 dominus
1126 1586 1223 1622 Dens
1252 1596 1357 1630 tuus,
1379 1587 1441 1635 qui
1470 1586 1533 1622 tibi
1561 1601 1636 1622 sum
1665 1588 1756 1623 visus
1785 1589 1817 1622 iu

143 1675 166 1689 „
194 1646 269 1681 loco
290 1646 380 1689 Dei,
405 1647 466 1682 ubi
494 1655 530 1681 tu
555 1647 639 1681 mihi
660 1647 812 1696 lapidem
842 1648 994 1690 unxisti,
1017 1657 1051 1683 et
1079 1648 1163 1683 mihi
1190 1656 1311 1683 votum
1339 1648 1471 1684 vovisti.
1497 1677 1520 1691 „
1541 1647 1598 1682 Ad
1622 1648 1705 1683 haec
1735 1649 1819 1697 quid

138 1721 285 1754 magnus
313 1717 431 1742 noster
459 1708 619 1742 sacerdos
646 1709 693 1743 ait
722 1708 913 1755 Gregorius
945 1709 1022 1756 (3)Ξἱ
1048 1715 1069 1729 “
1098 1708 1248 1744 Iacobus
1277 1709 1402 1743 scalam
1430 1709 1612 1757 quamdam
1640 1710 1819 1757 phantasia

141 1795 164 1810 „
192 1768 297 1811 vidit,
319 1777 422 1816 atque
444 1768 647 1815 angelorum
669 1783 876 1811 ascensum,
899 1778 933 1804 et
954 1769 1105 1818 lapidem
1127 1770 1231 1804 unxit
1254 1770 1422 1817 mystice,
1446 1771 1587 1804 sortasse
1611 1778 1649 1804 ut
1670 1770 1818 1818 lapidem

141 1856 164 1870 .,
192 1828 300 1863 nostri
330 1843 431 1863 causa
459 1838 609 1864 unctum
634 1832 683 1877 (ff)
711 1830 914 1876 denotaretg
941 1839 975 1865 et
1002 1829 1071 1865 Dei
1098 1830 1274 1865 visionem
1303 1830 1486 1878 appellavit
1513 1844 1593 1864 eum
1619 1830 1757 1873 locum,
1782 1831 1817 1865 in

141 1918 163 1931 „
193 1889 266 1924 eius
286 1890 347 1938 qui
369 1899 573 1938 apparuerat
592 1891 771 1927 honorem.
796 1920 818 1933 „
840 1890 885 1925 Et
906 1891 971 1926 alia
992 1905 1082 1940 quae
1110 1891 1158 1925 ibi
1182 1891 1374 1938 Gregorius
1403 1891 1559 1926 encomia
1581 1891 1815 1940 prosequitur.

137 1949 230 1985 Haec
255 1951 396 1986 cuinam
416 1965 487 1985 non
508 1952 736 2000 perspicuum
757 1952 908 1995 faciunt,
927 1952 1086 1987 eamdem
1106 1952 1264 2000 lapidum
1286 1952 1489 1994 materiam,
1512 1966 1572 1999 pro
1596 1952 1816 1986 oraculorum

138 2010 333 2046 diversitate
347 2041 354 2055 ,
377 2012 480 2047 modo
502 2011 581 2048 Deo
603 2022 732 2060 gratam
754 2022 786 2048 et
807 2013 1049 2048 honorabilem
1078 2027 1150 2048 esse
1166 2042 1174 2056 ,
1196 2013 1297 2048 modo
1328 2013 1512 2047 contrariis
1537 2012 1747 2055 adhibitam,
1770 2013 1816 2046 vi-

138 2072 280 2106 tandam
305 2087 378 2108 esse
404 2082 438 2108 et
462 2074 729 2110 detestabilem?

242 2131 371 2178 Quales
397 2147 477 2169 vero
506 2144 726 2183 quantasque
750 2135 950 2170 Salomonis
980 2135 1148 2184 sapientia
1172 2143 1207 2170 et
1229 2135 1408 2183 opulentia
1435 2135 1555 2169 fecerit
1570 2163 1577 2177 ,
1599 2149 1682 2182 quas
1712 2135 1815 2169 samo-

139 2206 216 2227 sum
238 2192 324 2228 illud
348 2194 550 2229 continebat
572 2196 738 2243 templum
752 2225 760 2239 ,
781 2196 1069 2245 incorporeorum
1092 2197 1217 2243 figuras
1231 2224 1239 2238 ,
1260 2195 1460 2230 volentibus
1487 2195 1642 2230 studiose
1664 2195 1815 2230 serutari

136 2253 386 2301 permittimus,
405 2256 572 2303 quoniam
594 2265 628 2291 et
649 2257 730 2291 alibi
753 2271 816 2292 nos
838 2257 881 2292 de
904 2258 957 2292 his
980 2257 1143 2292 subtilius
1165 2257 1387 2291 tractavimus
1409 2257 1470 2304 (5).
1493 2256 1641 2304 Insuper
1662 2265 1693 2291 et
1714 2270 1815 2304 quae-

137 2329 290 2364 cumque
308 2316 387 2351 divo
404 2316 582 2352 Ezechieli
598 2320 616 2338 ’ἢ
630 2319 702 2353 visa
724 2328 808 2353 sunt
828 2328 862 2354 et
881 2319 1050 2362 revelata,
1068 2333 1107 2354 ac
1126 2319 1242 2353 divino
1260 2319 1401 2353 oraculo
1419 2318 1649 2353 manifestata.
1670 2316 1814 2352 Etenim

136 2377 226 2411 circa
246 2377 392 2424 parietes
413 2378 579 2413 delineati
601 2379 803 2428 ostensiqne
824 2380 967 2428 templi,
989 2393 1055 2414 nee
1077 2393 1149 2414 nou
1179 2379 1271 2414 cirea
1298 2379 1486 2422 vestibula,
1508 2378 1695 2413 cherubini
1716 2387 1814 2413 erant

134 2437 259 2485 sculpti
280 2446 312 2473 et
332 2438 467 2486 palmae
481 2467 488 2481 ,
510 2453 597 2487 quae
627 2453 679 2474 res
708 2439 907 2475 secundum
931 2454 1067 2475 veraces
1096 2440 1170 2474 illas
1198 2440 1347 2474 visiones
1368 2440 1532 2486 figuratae
1561 2447 1661 2474 erant
1683 2453 1813 2474 coram-

135 2512 204 2546 que
232 2498 414 2547 depictae:
443 2498 536 2534 inter
563 2514 649 2547 quas
679 2501 782 2535 etiam
809 2509 929 2535 saneta
957 2509 1180 2543 sanctorum,
1209 2500 1423 2548 plenumque
1452 2500 1558 2547 gloria
1584 2499 1732 2535 Domini
1759 2514 1813 2534 ae-

134 2558 292 2593 dificium
318 2559 479 2605 videbat3
508 2560 606 2595 unde
636 2569 671 2595 et
700 2575 830 2609 pronus
858 2561 909 2596 ibi
934 2561 1035 2596 humi
1061 2562 1269 2609 procubuit:
1296 2561 1499 2610 audivitque
1528 2570 1649 2597 contra
1678 2575 1811 2609 exaspe-

213 2651 247 2680 (ΙῘ
267 2649 366 2677 Recole
386 2649 458 2677 dieta
477 2659 566 2686 nuper
584 2659 610 2686 p.
634 2655 693 2678 114.
714 2651 778 2678 adn.
802 2656 825 2678 1.

214 2695 246 2725 (22
267 2693 401 2720 Eusebius
420 2695 597 2722 caesariensis
616 2694 651 2722 ad
671 2695 744 2722 hune
764 2696 850 2723 Isaiae
869 2696 971 2723 locum.
993 2697 1061 2723 Item
1082 2697 1189 2732 copiose
1208 2697 1326 2732 Cyriltus
1344 2696 1377 2725 ad
1398 2698 1434 2724 Is.
1455 2705 1518 2732 opp.
1539 2698 1569 2723 T.
1592 2697 1627 2722 ΙΙ.
1648 2703 1674 2730 p.
1694 2698 1755 2721 294.

214 2740 249 2767 (331
269 2737 377 2764 Scilicet
396 2738 424 2765 iu
443 2739 565 2766 oratione
584 2740 715 2766 XXVIII.
739 2744 779 2767 18.

216 2784 248 2812 143
268 2782 371 2817 Nempe.
389 2784 540 2819 ᾱλειςέντκ,
559 2788 589 2811 ut
608 2784 646 2812 ait
665 2785 829 2819 Gregorius,
846 2785 919 2821 quod
939 2785 1102 2813 vocabulum
1122 2790 1214 2813 tamen
1234 2785 1363 2814 mendose
1382 2786 1457 2814 deest
1476 2786 1504 2813 iu
1524 2785 1646 2813 vaticano
1668 2783 1810 2817 Niveptioii

133 2824 225 2852 codice
245 2833 270 2859 p.
292 2829 352 2853 265.
373 2827 400 2853 b.

214 2872 246 2902 45,
268 2871 300 2897 Iu
319 2871 489 2906 apologetico
508 2873 610 2900 maiore
629 2881 687 2908 cap.
708 2876 753 2900 69.

1856 1538 1922 1559 ‘cen
1939 1539 2010 1560 {XM
2033 1543 2060 1560 ιι,

1849 2334 1858 2345 ’
1872 2334 1917 2354 illm
1928 2334 1949 2353 i..
1960 2334 2011 2354 xit
2026 2340 2054 2355 1⁸.
