2309 3351
992 253 1188 277 PRAEFATIO.
1891 259 1935 281 γη

243 331 361 368 ruina,
383 327 431 361 sic
455 325 633 359 interdum
657 327 853 357 sanctorum
882 319 1015 352 animos
1040 317 1256 351 inflammant
1271 342 1278 353 ,
1301 322 1337 349 nt
1363 317 1383 349 ii
1411 319 1611 362 praesertim
1637 320 1697 365 qui
1721 319 1937 364 <laqueatam

242 391 376 434 impetu
397 384 532 422 valent,
555 381 704 428 querelis
728 384 761 412 et
785 375 1101 423 vituperationibus
1125 376 1199 409 sine
1221 374 1328 407 modo
1356 374 1451 408 frena
1476 376 1640 410 relaxent.
1670 378 1740 410 lam
1764 377 1819 411 hie
1842 380 1937 423 Apo-

243 446 413 492 logeticus
432 444 467 477 in
489 443 604 488 priore
623 439 674 473 sui
697 443 813 483 parte,
837 435 917 469 fidei
940 434 1157 469 orthodoxae
1182 433 1450 478 descriptionem
1479 435 1647 473 continet,
1669 441 1699 469 et
1722 442 1937 481 quamopere

242 503 425 538 Christiani
452 500 494 534 ab
520 495 738 532 idololatriae
764 494 908 539 crimine
936 492 1049 526 absint
1075 491 1304 525 demonstrat.
1335 490 1466 523 Deinde
1485 491 1519 523 in
1544 492 1654 525 media
1675 492 1937 536 quodammodo

243 567 341 608 parte
367 557 545 603 complura
569 553 688 587 recitat
713 563 758 585 ss.
788 550 981 584 bibliorum
1007 549 1220 587 testimonia,
1247 554 1285 588 ut
1311 547 1471 581 ostendat
1498 547 1730 582 idololatriam
1757 561 1775 583 a
1801 550 1936 584 Christo

244 629 386 665 prorsus
404 615 507 648 fuisse
525 611 754 646 destructam,
777 610 823 642 ita
844 615 881 642 ut
900 608 994 641 illius
1020 607 1162 641 ecclesia
1184 604 1310 639 morbo
1331 604 1397 638 boc
1417 603 1576 638 laborare
1603 617 1673 638 non
1693 608 1795 650 postit
1810 633 1817 643 ,
1840 619 1935 641 secus·

244 687 283 709 ac
308 658 716 719 χριστιανοκατνῖγοροι
743 666 904 700 haeretici
931 663 1245 699 calumniabantur.
1275 664 1360 696 Tum
1389 669 1422 695 et
1449 661 1515 695 alia
1543 661 1741 695 scribuntur
1765 664 1932 708 plurima,

244 739 330 773 quae
349 728 456 761 ferme
481 736 500 758 a
526 724 679 770 capitulo
697 725 796 757 LXV.
819 723 1023 761 ordiuntur,
1046 722 1089 755 de
1115 721 1240 755 ritibus
1266 720 1386 758 variis,
1410 719 1547 763 figuris,
1574 718 1815 755 tabernaculo,
1839 732 1932 758 arca,

241 785 492 831 praecipueque
511 782 554 815 de
573 780 846 815 cherubinorum
872 780 1048 826 positisin
1069 790 1105 813 ea
1127 778 1264 816 formis,
1288 784 1318 811 et
1339 777 1383 810 de
1401 777 1616 810 salomonico
1639 776 1770 821 templo
1796 778 1935 822 eiusque

239 842 343 875 sacris
368 838 636 873 emblematibus
661 844 719 871 aut
745 838 958 871 ornamentis
983 836 1126 870 dicitur:
1148 847 1237 880 quae
1263 835 1381 869 omnia
1406 834 1491 867 sacri
1519 833 1633 867 cultus
1659 845 1802 878 genera,
1826 834 1866 866 ad
1888 846 1930 867 ss.

239 897 429 942 imaginum
455 896 669 930 suadendam
687 896 947 930 venerationem
975 900 1095 928 auctor
1114 893 1232 927 trahit.
1260 893 1345 926 Tum
1367 891 1483 925 multis
1510 890 1710 924 huiusmodi
1733 891 1932 935 disputatis,

239 954 546 1000 praescriptionem
579 953 729 998 denique
761 954 1043 997 octingentorum
1079 962 1251 985 annorum
1284 950 1429 995 arripit,
1463 948 1507 982 ab
1541 948 1704 982 ecclcsiae
1739 948 1936 993 primordiis

239 1010 349 1057 usque
375 1011 419 1045 ad
445 1017 590 1045 aetatem
616 1022 734 1050 suam:
763 1017 800 1044 ut
826 1011 908 1044 hinc
934 1009 1136 1046 concludat,
1160 1009 1331 1042 honorem
1357 1018 1401 1040 ss.
1429 1005 1639 1051 imaginibus
1666 1005 1796 1050 absque
1823 1016 1936 1038 sacrae

239 1069 452 1113 antiquitatis
474 1069 698 1102 accusatione
730 1069 847 1113 negari
878 1079 948 1101 non
982 1077 1095 1112 posse.
1131 1067 1288 1099 Iamvero
1314 1076 1423 1110 quum
1456 1075 1474 1098 a
1505 1063 1693 1109 Nicephori
1719 1061 1936 1108 temporibus

239 1137 348 1172 usque
372 1126 416 1160 ad
435 1133 550 1160 nostra
574 1126 651 1170 plus
669 1137 773 1170 quam
799 1125 896 1158 mille
923 1124 1002 1157 anni
1028 1123 1264 1162 decurrerint,
1285 1128 1527 1168 perseverante
1546 1122 1683 1155 iuterim
1705 1120 1796 1166 apud
1817 1119 1936 1153 catho-

238 1184 325 1217 licos
342 1195 386 1216 ss.
407 1185 598 1227 imaginum
616 1183 838 1215 veneratione
850 1208 858 1219 ,
877 1182 1032 1227 sequitur
1050 1187 1087 1215 ut
1107 1181 1334 1227 praescriptio
1353 1180 1464 1214 multo
1483 1179 1597 1213 adhuc
1614 1179 1816 1224 longaevior
1836 1176 1936 1211 nobis

238 1239 350 1272 faveat
377 1240 542 1272 adversus
568 1238 757 1272 hodiernos
783 1238 1050 1272 occidentalium
1070 1239 1253 1284 regionum
1276 1237 1543 1275 Iconomachos,
1565 1237 1625 1282 qui
1645 1247 1661 1269 a
1682 1235 1846 1268 damnato
1872 1235 1935 1268 illo

239 1305 360 1328 errore
378 1295 536 1328 nondum
555 1294 750 1329 discedunt.
773 1296 885 1341 Atque
905 1296 939 1329 hi
958 1297 1108 1335 utinam,
1130 1302 1267 1342 praeter
1285 1295 1540 1341 Nicephorum,
1559 1294 1673 1339 legant
1693 1292 1797 1326 docili
1818 1293 1933 1326 animo

237 1352 353 1396 magni
367 1352 550 1396 Augustini
569 1351 665 1386 locos
685 1352 843 1387 classicos
862 1354 950 1387 circa
969 1353 1139 1387 honorem
1157 1359 1354 1386 sanctorum
1374 1358 1568 1397 martyrum
1588 1351 1631 1384 de
1646 1350 1682 1383 C.
1700 1351 1740 1383 D.
1757 1348 1820 1382 lib.
1839 1350 1928 1382 xlx.

237 1418 314 1452 cap.
338 1408 401 1441 ult.
417 1434 426 1447 ,
452 1420 515 1442 nec
541 1420 611 1443 non
637 1410 788 1444 eundem
815 1417 933 1444 contra
960 1412 1123 1444 Faustum
1150 1410 1299 1444 manich.
1321 1409 1384 1443 lib.
1406 1410 1480 1443 XX.
1503 1410 1542 1442 21
1567 1408 1574 1441 l

334 1466 374 1498 V.
403 1466 475 1511 Age
500 1478 586 1501 vero
604 1468 745 1512 quinam
765 1480 863 1502 meus
881 1469 915 1501 in
935 1469 1002 1502 hoc
1020 1468 1157 1502 edendo
1176 1468 1375 1514 Nicephoro
1400 1466 1501 1501 labor
1521 1467 1642 1505 fuerit,
1664 1467 1686 1499 ii
1713 1465 1811 1500 facile
1830 1466 1928 1499 aesti—
1968 1472 2150 1525 1113¹¹23512⁶13¹22¹l¹¹⁰

236 1521 401 1562 mahunt,
423 1525 482 1569 qui
510 1524 628 1570 plures
653 1526 809 1560 eruditos
834 1538 953 1560 saxum
980 1527 1014 1559 id
1041 1538 1177 1560 versare
1202 1526 1342 1560 molitos
1360 1526 1492 1564 sciunt,
1513 1525 1574 1559 sed
1599 1524 1844 1570 defatigatione
1870 1530 1927 1557 aut
1994 1515 2025 1519 Ν
2112 1516 2115 1518 ’

236 1579 401 1625 impensis
427 1581 611 1616 deterritos
641 1582 822 1617 abstitisse.
851 1585 938 1617 Nam
968 1591 1105 1630 praeter
1131 1583 1363 1623 Bandurium‚
1391 1584 1578 1617 Turrianus
1608 1584 1709 1616 etiam
1726 1608 1734 1621 ,
1762 1582 1900 1616 Crusius
1917 1608 1924 1620 ,

236 1635 482 1676 Combefisius‚
505 1646 607 1684 atque
625 1646 662 1674 ut
681 1640 785 1675 audio
805 1641 970 1680 Albitius,
993 1642 1036 1676 de
1056 1642 1207 1676 editione
1227 1642 1291 1675 hac
1310 1642 1524 1686 cogitarunt3
1542 1647 1574 1674 ct
1593 1641 1750 1674 Petavius
1765 1641 1838 1686 ipse
1857 1651 1925 1673 non

236 1692 299 1725 nisi
326 1692 432 1727 breve
459 1695 690 1741 fragmentum
718 1698 875 1744 protulit.
905 1700 1003 1733 Certe
1029 1699 1071 1733 ad
1098 1700 1237 1733 latinam
1259 1699 1520 1733 translationem
1541 1698 1635 1744 quod
1663 1699 1800 1735 attinet,
1821 1709 1927 1743 quam

234 1748 380 1811 div-ersis
406 1753 620 1797 temporibus
641 1756 731 1789 inter
756 1758 867 1790 varias
886 1759 1151 1803 occupationes,
1173 1765 1205 1792 et
1225 1757 1333 1792 modo
1358 1758 1392 1791 in
1419 1757 1526 1795 urbe,
1548 1757 1656 1791 modo
1683 1757 1923 1802 peregrinans,

233 1807 442 1850 scriptitavi,
465 1820 519 1841 res
545 1811 688 1854 quidem
715 1824 830 1856 perse
850 1813 995 1848 molesta
1021 1821 1053 1848 et
1079 1816 1214 1860 prolixa
1240 1815 1395 1849 taedium
1413 1813 1610 1860 ingerebat:
1633 1814 1764 1860 perstiti
1792 1819 1924 1851 tamen,

231 1872 444 1908 quamquam
464 1865 582 1899 multis
601 1867 686 1901 locis
706 1875 851 1914 propter
877 1870 1107 1916 theologicam
1128 1884 1270 1917 graecae
1289 1873 1427 1907 scholae
1446 1873 1658 1906 locutionem
1671 1897 1679 1909 ,
1701 1871 1852 1916 aliasque
1872 1882 1926 1904 sa—

230 1917 364 1957 lebras,
387 1932 457 1954 non
485 1933 563 1956 raro
591 1924 808 1964 aestuabam,
837 1938 950 1971 neque
975 1939 1029 1961 me
1055 1940 1191 1974 semper
1217 1941 1289 1963 rem
1316 1930 1462 1963 feliciter
1488 1931 1629 1975 gessisse
1656 1936 1810 1963 autumo.
1840 1930 1924 1961 Sane

230 1976 417 2037 Nicephori
438 1979 556 2013 stilum
576 1981 718 2015 Photius
738 1983 816 2016 cod.
840 1984 938 2017 LXV.
962 1985 995 2017 in
1015 1986 1136 2030 primis
1162 1986 1298 2019 laudat:
1329 1980 1571 2032 καλλιλε-ξίςι
1596 1978 1634 2017 τὲ
1664 1978 1725 2017 καὶ
1756 1977 1922 2029 &etQ-lust„

231 2031 362 2078 λῦγου
386 2028 636 2082 κεχρημένος,
661 2030 724 2086 οἵᾳ
747 2030 790 2072 ἂν
811 2032 1000 2088 χρήσαιτο
1025 2035 1042 2073 ὁ
1066 2035 1266 2089 ῥητορικὸς
1290 2036 1338 2080 ὠς
1361 2036 1523 2080 ἀληθῶς
1547 2027 1607 2074 {ccci
1632 2035 1782 2080 τέλειος
1809 2034 1920 2088 ἀνήρε

231 2101 274 2121 ea
300 2092 482 2151 verborum
502 2105 683 2129 venustate
699 2106 733 2130 et
752 2099 927 2133 orationis
947 2099 1199 2146 compositione
1225 2100 1355 2137 utimr,
1379 2101 1519 2146 qualem
1539 2100 1722 2134 adhiberet
1744 2100 1924 2147 μειβ-’σίω-

182 2150 186 2155 “
231 2157 374 2209 οιηζιιηο
399 2160 532 2185 orator.
561 2153 720 2189 Profecto
746 2167 854 2201 purus
880 2163 931 2191 est
956 2157 1181 2192 hellenismus
1199 2158 1407 2204 Nicephori,
1432 2158 1616 2192 artificiosa
1643 2164 1676 2191 et
1702 2165 1823 2192 oruata
1849 2159 1923 2192 elo—

233 2209 343 2242 cutio,
367 2216 437 2267 non
464 2213 576 2243 tamen
596 2213 687 2245 attici
707 2215 842 2258 generis
861 2214 921 2247 sed
943 2216 1069 2252 asiani:
1093 2216 1201 2249 immo
1227 2227 1298 2250 non
1324 2216 1427 2250 semel
1451 2223 1487 2250 ut
1507 2217 1590 2249 mibi
1617 2216 1758 2262 quidem
1785 2217 1923 2250 videtur

233 2259 422 2322 13¹1th103¹3
448 2274 592 2325 peccans
617 2269 671 2302 vel
697 2270 818 2304 saltem
845 2273 1093 2318 perissologia:
1115 2285 1196 2306 nam
1222 2275 1425 2307 sententiam
1454 2274 1557 2308 semel
1585 2274 1732 2311 dictam,
1757 2274 1820 2308 alia
1842 2286 1921 2308 mox

232 2322 365 2381 fanon?
391 2319 553 2382 replicat,
575 2324 790 2362 multimodis
816 2337 1005 2364 commutat
1024 2338 1056 2364 et
1076 2338 1207 2365 versat:
1229 2338 1263 2365 et
1289 2331 1385 2377 quod
1412 2332 1467 2365 alii
1496 2344 1565 2365 uno
1591 2338 1761 2365 commate
1781 2331 1921 2365 claude-

230 2380 326 2437 rent,
355 2387 383 2439 is
408 2383 544 2422 integro
570 2380 747 2417 interdum
771 2387 907 2430 periodi
935 2387 1068 2422 ambitu
1094 2389 1277 2434 expandit;
1305 2389 1471 2436 quodque
1498 2396 1595 2424 antea
1621 2390 1772 2425 dixerat.
1801 2389 1919 2422 multis

228 2429 356 2492 deinde
375 2437 586 2480 interpositis
605 2439 640 2471 in
660 2451 796 2474 scenam
817 2443 932 2479 denuo
951 2446 1098 2480 reducit.
1127 2447 1327 2492 Aliquando
1347 2448 1449 2481 etiam
1468 2448 1521 2481 vel
1542 2448 1646 2480 nimia
1668 2448 1793 2492 ingenii
1814 2446 1918 2480 uber-

227 2492 313 2552 tatee,
334 2490 389 2523 vel
416 2495 606 2539 anagogico
625 2499 814 2541 mysticove
840 2512 941 2536 sensu
967 2503 1149 2549 abreptus,
1170 2505 1217 2539 ita
1237 2517 1299 2551 per
1317 2517 1412 2540 sacra
1439 2505 1545 2539 biblia
1573 2512 1733 2551 vagatur,
1755 2511 1789 2538 ut
1809 2516 1916 2550 paene

226 2544 348 2580 devius
374 2554 470 2612 eatra
496 2562 597 2585 suum
624 2557 843 2600 propositum
870 2558 1032 2594 deerrare
1058 2561 1227 2596 videatur.
1256 2563 1415 2597 Ceterum
1442 2563 1627 2609 Nic-ephori
1658 2562 1764 2596 dictio
1791 2561 1914 2595 nobilis

225 2608 356 2668 est,·ut
374 2605 462 2645 dun,
485 2610 615 2649 suavis,
637 2614 806 2653 rotunda,
823 2622 857 2649 et
875 2617 972 2661 quasi
992 2620 1205 2664 pompatica,
1227 2621 1421 2654 cuiusmodi
1442 2620 1584 2654 decebat
1603 2620 1796 2654 hominem,
1819 2617 1911 2651 omni

225 2663 499 2726 ut'aitqlgnatius
524 2666 738 2715 biographus
757 2671 1018 2719 disciplinarum
1038 2686 1163 2720 genere
1183 2689 1202 2711 a
1222 2679 1368 2724 pueritia
1388 2679 1582 2716 excultum,
1603 2677 1791 2711 scribendis
1809 2674 1911 2720 pluri-

222 2728 290 2782 ἠτις
309 2719 369 2753 diu
388 2725 596 2765 exercitum,
617 2729 690 2762 otio
707 2729 811 2763 etiam
831 2730 1084 2773 abundantem,
1105 2740 1138 2767 et
1158 2733 1330 2769 librorum
1350 2737 1563 2782 optimorum
1583 2733 1792 2781 supellectile
1820 2731 1910 2765 laute

68 2832 71 2843 Δ
219 2783 439 2813 instructum.
469 2782 647 2819 Postremo
673 2797 744 2820 non
772 2799 887 2822 meum
908 2789 968 2823 sed
995 2790 1158 2824 Bandurii
1184 2793 1350 2827 iudicium
1377 2805 1522 2839 ponam,
1544 2794 1578 2826 in
1605 2796 1787 2836 conspectu
1814 2790 1908 2835 cogi-

64 2861 77 2868 -
218 2839 308 2868 tatae
326 2847 407 2870 suae
424 2837 585 2874 editionis
602 2842 648 2876 ita
668 2843 854 2889 loquentis.
882 2860 898 2879 α
919 2848 1044 2888 Quanti
1072 2850 1282 2885 aestimanda
1302 2852 1369 2885 sint
1387 2851 1515 2885 isthaec
1534 2860 1655 2895 opera,
1676 2847 1735 2881 etsi
1756 2857 1808 2880 res
1835 2847 1907 2892 ipsa

221 2906 238 2924 »
268 2904 329 2939 per
347 2906 383 2929 se
402 2894 582 2942 loquatur,
604 2902 722 2946 paucis
742 2909 856 2938 tamen
873 2916 1052 2942 recensere
1070 2919 1113 2942 ne
1130 2908 1257 2954 pigeat.
1281 2910 1343 2944 Hic
1363 2908 1671 2943 Icouomactiorum
1689 2915 1809 2938 omnes
1829 2915 1904 2939 sen-
