2203 3331
454 320 730 371 SANCTI
778 315 1053 368 PATRIS
1101 314 1390 363 NOSTRi

630 443 685 511 N
701 444 733 508 Ι
748 442 797 510 C
812 441 865 507 E
880 441 933 507 Ρ
949 439 1012 505 H
1028 438 1090 506 O
1106 438 1166 504 R
1181 438 1213 503 Ι

98 584 721 640 anoaaauaasooaa
752 585 797 631 (ι)
827 575 1751 631 contusa-asinasienaaasia

354 708 648 751 REFUTATIO
677 707 741 745 ET
769 704 986 744 EVERSIO
1014 699 1499 741 DELIRAMENTORUM

212 823 441 857 iNsCITE
473 821 538 854 ET
570 819 735 853 IMPIE
767 820 839 851 AB
873 815 1238 850 IRRELEGIOSI
1271 811 1562 846 MAMONAE
1595 810 1639 854 (2)

499 935 760 964 VAMLOQUENTJA
785 935 948 957 DICTORUM
973 932 1135 956 ADVERSUS
1161 931 1351 954 SALUTAREM

685 994 739 1015 &3131
765 992 862 1014 VERBI
890 990 1164 1014 INCARNATIONEM.

744 1093 995 1120 ——Quss—

543 1187 1038 1227 AN‘TIRRHETICUS
1079 1185 1315 1223 PRIMUS.

98 1300 175 1382 Ita
196 1345 338 1394 quidem
357 1344 482 1394 prioris
503 1343 750 1393 disputationis
774 1345 825 1392 (3)
848 1352 1026 1392 peractum
1053 1343 1121 1378 fuit
1143 1356 1161 1377 a
1182 1340 1284 1377 nobis
1307 1348 1480 1375 certamen
1502 1346 1608 1387 atque
1631 1336 1763 1372 absolu·
1799 1353 1873 1379 0121».
1892 1356 1907 1373 ι.

96 1416 180 1442 tum.
207 1406 300 1442 Nam
323 1405 602 1441 Christianorum
623 1406 826 1452 religionem
846 1405 1030 1453 impietatis
1058 1404 1201 1439 idolicae
1229 1415 1374 1451 puram,
1396 1400 1500 1436 sacris
1527 1399 1650 1434 litteris
1678 1398 1765 1433 reci-

97 1467 197 1510 tatis,
218 1466 432 1514 praecedens
460 1479 570 1501 sermo
598 1465 824 1511 monstravit3
845 1465 921 1499 illos
948 1479 1028 1500 vero
1056 1464 1118 1512 qui
1145 1463 1367 1511 iniquitatem
1393 1460 1430 1495 in
1452 1460 1628 1495 excelsum
1655 1458 1765 1493 locuti

96 1536 179 1563 suut
200 1529 218 1549 ᾗ
241 1542 281 1563 ac
309 1527 488 1570 meditati,
514 1541 577 1562 ceu
605 1527 784 1562 dementes
810 1527 998 1562 traducens
1026 1526 1150 1573 abegit.
1178 1525 1285 1560 Nunc
1309 1531 1424 1559 autem
1447 1521 1601 1557 accincti
1626 1521 1765 1562 denuo,

97 1589 246 1624 alterum
273 1588 438 1623 adversus
464 1589 680 1636 impietatem
702 1588 919 1635 ingredimur
942 1586 1104 1623 stadium.
1132 1585 1328 1632 Quoniam,
1351 1584 1441 1619 sicut
1467 1583 1538 1618 iam
1560 1591 1660 1617 antea
1682 1581 1768 1615 dixi-

96 1662 197 1693 mus,
224 1650 353 1698 duplex
379 1664 397 1684 a
424 1649 576 1684 veritatis
607 1649 763 1684 hostibus
797 1657 920 1684 contra
951 1648 1189 1683 orthodoxiam
1220 1645 1393 1694 proelium
1425 1643 1677 1684 committitur,
1706 1655 1766 1676 nos

97 1723 260 1758 quoque,
282 1709 375 1743 haud
405 1723 504 1744 secus
531 1723 636 1757 quam
662 1710 790 1744 zelotes
818 1709 992 1751 Phinees,
1013 1708 1082 1743 telo
1110 1708 1233 1743 armati
1261 1706 1426 1754 spiritus,
1448 1713 1482 1739 et
1509 1702 1669 1739 auxiliari
1695 1702 1766 1750 ipsa

98 1769 242 1803 veritate
265 1776 423 1811 utentes,
445 1782 507 1816 pro
535 1783 604 1817 qua
624 1778 818 1817 pugnantes
847 1781 1024 1804 armorum
1052 1768 1250 1803 sociotatem
1276 1767 1459 1808 inivimus,
1482 1773 1514 1800 et
1544 1764 1643 1799 cuius
1667 1776 1767 1798 causa

97 1829 164 1864 hoc
192 1829 276 1863 itcm
303 1828 406 1863 nobis
435 1829 595 1865 obortum
624 1839 675 1864 est
701 1831 853 1873 bellum,
878 1829 1139 1864 madianiticam
1168 1828 1381 1876 impietatem
1409 1839 1491 1861 cum
1518 1823 1767 1859 incredulitate

99 1889 237 1924 iudaica
251 1917 258 1931 ‚
280 1889 316 1923 id
340 1897 392 1923 est
411 1889 646 1924 manichaeam
667 1890 799 1925 rabiem
820 1904 900 1925 cum
921 1890 1037 1925 ariana
1057 1889 1192 1924 vesania
1205 1918 1212 1931 ,
1233 1887 1472 1937 perimendam
1495 1884 1706 1921 curabimus.

208 1963 235 1984 1.
265 1948 306 1983 Si
332 1949 407 1997 quis
434 1949 552 1998 itaque
581 1964 638 1985 eos
665 1950 880 1998 interroget,
901 1952 1042 1986 ubinam
1069 1950 1258 1999 aliquando
1284 1948 1500 1985 Christianos
1528 1945 1652 1980 idolica
1675 1957 1768 1979 scan-

100 2009 194 2052 dala,
212 2019 392 2058 tamquam
411 2010 491 2045 deos
512 2011 807 2059 deprehenderint
829 2012 1031 2055 adorantes,
1051 2012 1135 2060 quid
1156 2011 1391 2059 respondeant
1410 2023 1482 2044 non
1503 2008 1651 2049 habent,
1669 2004 1767 2040 valde

99 2079 217 2105 autem
243 2070 413 2117 vertigine
441 2071 620 2116 laborant,
643 2073 683 2107 al)
711 2073 783 2121 ipsa
809 2074 952 2108 veritate
980 2074 1022 2108 ad
1050 2073 1173 2108 incitas
1200 2073 1355 2114 redacti,
1379 2079 1411 2106 ct
1438 2071 1558 2116 lingua
1586 2066 1768 2115 impediti,

101 2139 137 2166 et
163 2131 278 2166 anima
308 2133 463 2167 tenebris
486 2143 663 2182 occupata.
692 2135 834 2183 Alioqui
856 2135 959 2169 etiam
979 2135 1156 2177 sentiunt,
1178 2148 1213 2168 sc
1236 2147 1441 2181 magnopere
1464 2131 1629 2166 adversus
1651 2127 1769 2163 Deum

99 2205 242 2239 peccare
257 2221 264 2235 ‚
287 2192 371 2227 dum
399 2192 436 2227 in
465 2208 502 2228 re
529 2208 621 2230 sacra
642 2204 778 2244 praeter
799 2197 845 2230 sas
873 2196 1058 2233 labuntur:
1080 2210 1227 2244 cumque.
1250 2195 1288 2229 iis
1310 2195 1347 2229 fit
1370 2194 1602 2242 exploratum,
1624 2198 1770 2239 quanto-

100 2267 183 2301 pere
207 2253 329 2287 iniurii
348 2254 438 2297 sint,
460 2263 545 2291 tuuc
567 2256 610 2290 ad
631 2256 933 2305 incircumscripti
960 2257 1170 2292 vocabulum
1192 2255 1413 2302 confugiunt.
1443 2254 1631 2302 Sperantes
1653 2250 1769 2293 enim,

101 2328 136 2348 se
166 2313 314 2348 iniuriae
338 2329 518 2350 excessum
538 2316 644 2351 vitare
659 2346 666 2360 ,
689 2318 871 2352 honestam
893 2318 1135 2365 excogitarunt
1158 2317 1305 2352 inducre
1328 2316 1393 2350 sihi
1419 2327 1622 2363 personam,
1642 2325 1769 2360 nempe

100 2374 397 2423 incircumscripti
426 2377 687 2425 appellationem
711 2393 814 2426 quam
840 2378 980 2414 Christo
1009 2379 1233 2414 adtribuunt:
1254 2379 1342 2412 hanc
1371 2376 1439 2411 sibi
1462 2375 1569 2410 veluti
1598 2373 1771 2409 cautelam

103 2435 409 2484 circumponentes
423 2466 430 2480 ,
453 2446 493 2473 ut
518 2438 604 2473 dum
626 2439 723 2473 aiunt
744 2454 815 2474 non
842 2448 998 2488 oportere
1020 2441 1131 2474 sacci-e
1158 2439 1342 2486 imagines',
1364 2437 1551 2472 videantur
1573 2444 1689 2471 tamen
1715 2448 1770 2468 ve-

103 2496 218 2531 saniae
242 2496 404 2533 adversus
429 2512 484 2533 res
517 2508 651 2534 sanctas
686 2500 816 2534 crimen
842 2501 956 2537 vitare.
984 2500 1091 2549 Atqui
1124 2501 1160 2534 in
1185 2501 1250 2534 hoc
1283 2499 1391 2533 maior
1422 2499 1578 2546 ipsorum
1601 2494 1770 2545 protervia

104 2557 322 2605 comperitur.
351 2558 530 2594 Malitiosc
554 2561 681 2609 quippe
705 2569 877 2596 conantur
899 2560 1018 2596 Deum
1040 2562 1144 2596 latere
1171 2561 1205 2595 in
1227 2561 1277 2594 his
1301 2574 1389 2608 quae
1411 2560 1569 2594 adversus
1593 2571 1671 2593 cum
1692 2569 1769 2604 pec-

137 2705 142 2709 .
181 2662 216 2692 (1)
236 2662 275 2688 Ita
294 2661 354 2689 cod.
371 2666 397 2690 et
415 2664 454 2690 sic
473 2664 632 2700 plerumque
650 2665 678 2691 in
699 2665 820 2699 antiquis
837 2663 977 2691 codicibus
995 2665 1168 2700 appellantur
1187 2665 1318 2691 maiorum
1336 2663 1442 2691 sedium
1458 2667 1593 2699 pastores3
1610 2662 1698 2689 rarius
1714 2668 1767 2695 pa-

103 2704 263 2738 marchae,
283 2706 354 2740 quod
375 2706 405 2734 fit
424 2709 452 2734 in
471 2708 640 2743 apologetico
661 2709 776 2736 minore.

182 2750 217 2780 (2)
236 2750 391 2778 Mamonam
412 2753 529 2787 appellat
544 2754 753 2781 Constantinum
769 2754 985 2790 Copronymum,
1001 2758 1094 2789 utpote
1112 2755 1168 2780 Deo
1187 2754 1369 2787 contrarium,
1388 2754 1460 2780 iuxta
1480 2752 1564 2780 illud:
1585 2760 1637 2777 mm
1651 2748 1778 2785 potestzsr'

105 2793 160 2816 Deo
178 2795 285 2820 servire
304 2797 332 2821 et
347 2798 508 2823 Mamouae.

183 2838 310 2888 &inicit
329 2841 526 2876 apologeticum
549 2842 693 2876 maiorem,
714 2843 761 2878 qui
780 2851 873 2878 reapse
893 2842 1029 2878 praecedit
1048 2843 1076 2869 in
1097 2842 1204 2875 codice3
1224 2851 1391 2878 quamquam
1410 2851 1460 2869 nos
1479 2841 1625 2868 maluimus
1649 2842 1702 2864 tres
1725 2835 1770 2863 ad-

103 2887 194 2929 versus
208 2882 409 2918 Lopronymum
428 2886 619 2913 antirrheticos
638 2895 815 2922 praeponere,
831 2888 895 2922 quia
916 2888 964 2914 hos
983 2887 1157 2914 iucundiores
1173 2887 1319 2915 lectoribus
1337 2887 1394 2915 fore
1412 2887 1592 2922 speravimus,
1608 2889 1689 2918 quam
1709 2888 1769 2915 1³1⁰·

103 2924 187 2952 lixum
207 2926 285 2954 illum
305 2929 445 2965 spissaque
463 2931 575 2959 materia
594 2931 792 2960 redundantem
812 2933 923 2960 maioris
942 2933 1021 2960 molis
1040 2932 1248 2968 apologeticum.

1801 1539 1810 1550 '
1830 1538 1863 1558 ΡΒ.
1881 1536 1968 1558 Lxxn.
1985 1541 2002 1555 N.
