2203 3331
538 219 701 243 ,xnvrzasrs
727 215 974 240 cossi-Amisrn
1000 214 1234 238 COPRONYMCM.
1687 207 1732 241 63

47 311 72 327 „
98 295 144 317 ne
171 292 294 329 passo3
317 290 421 312 carne
444 276 610 325 inquam,
631 288 705 310 non
732 272 917 308 ineffabilis
945 270 1083 306 deitatis
1104 278 1239 306 natura.
1268 271 1321 306 Ut
1348 272 1446 307 enim
1473 272 1542 321 ipse
1572 273 1732 307 omnium

47 371 72 386 „
100 348 252 376 servator
280 351 354 373 esse
383 336 610 379 crederetur,
631 333 856 370 oeconomica
876 330 1160 379 adpropriaiione
1183 330 1219 364 in
1242 344 1275 365 se
1290 358 1297 372 ,
1320 339 1360 366 ut
1387 332 1460 367 dixi
1475 362 1482 375 ‚
1505 333 1622 367 carnis
1647 347 1732 368 suae

47 431 71 445 „
99 400 276 450 passiones
297 397 484 433 transtulit.
508 425 530 439 ,‚
550 395 660 431 Sacer
682 407 763 428 vero
783 391 1052 439 Amphilochius
1069 390 1111 424 ad
1132 389 1325 425 Seleucum
1345 392 1502 427 scribens
1524 393 1575 428 sic
1597 394 1645 428 ait
1665 396 1733 441 (1):
1770 403 1808 424 cr.
1823 410 1845 429 μ,
1862 407 1894 423 η,

47 470 70 484 “
101 462 283 508 adsumpta
303 459 435 507 patitur
457 466 604 498 natura,
625 455 685 490 sed
707 468 745 488 ea
773 466 861 501 quae
889 451 1104 500 adsumpsit,
1127 460 1245 486 manet
1266 451 1493 499 impassibilis.
1522 453 1735 502 Adpropriat

51 552 75 567 „
102 530 220 557 autem
247 520 315 555 sibi
342 519 444 555 Deus
463 517 595 567 proprii
620 514 740 563 templi
767 514 936 548 humanas
963 513 1160 561 passioneS‚
1183 525 1329 547 crucem
1357 521 1390 546 et
1418 522 1590 553 mortem,
1612 523 1643 549 et
1671 516 1735 550 alia

49 611 73 626 „
101 590 272 631 quotquot
301 581 337 615 in
366 580 440 628 ipso
467 576 668 614 secundum
697 574 938 609 oeconomiam
966 581 1182 621 spectantur·
1209 573 1423 621 Adpropriat
1453 574 1539 617 sibi,
1570 575 1709 623 inquam
1726 603 1735 618 ,

50 671 74 685 ‚,
101 642 189 677 nihil
216 642 288 690 ipse
314 641 458 689 patiens.
481 665 504 680 „
528 636 587 670 Sic
610 643 641 670 et
663 635 762 669 divus
785 634 976 681 Gregorius
1003 647 1175 681 nyssenus
1201 633 1364 668 adversus
1387 633 1628 682 Apollinarem
1655 635 1738 669 sepi-

46 704 134 738 bens
156 704 217 750 (ἢ).
237 709 260 723 “
284 700 461 747 Quoniam
483 698 600 745 itaque
622 696 688 731 alia
711 704 761 731 est
782 695 934 729 humana
954 693 1133 737 voluntas,
1152 694 1215 728 alia
1236 694 1371 736 divina,
1393 694 1551 742 loquitur
1572 695 1736 742 quidem,

51 792 75 807 ,.
104 772 279 811 tamquam
301 775 341 796 ex
362 757 601 800 humanitate,
623 770 662 792 ea
684 770 774 805 quae
797 763 879 790 sunt
900 755 1097 790 infirmitati
1116 763 1262 790 naturae
1285 768 1456 802 congrua,
1476 755 1502 789 is
1523 755 1584 804 qui
1604 764 1737 790 nostras

50 852 74 867 ,‚
103 825 277 871 passiones
299 820 365 855 sibi
387 817 635 867 adpropriavit.
659 816 827 865 Insuper,
849 815 946 864 quod
965 815 1124 850 mirabile
1147 824 1218 858 est,
1239 830 1313 850 non
1336 815 1449 850 solum
1473 829 1529 850 eas
1551 830 1638 865 quae
1662 830 1738 850 nos-

50 913 75 928 „
104 893 174 919 trae
202 889 344 916 naturae
372 878 647 914 substantialiter
670 886 704 912 et
727 892 745 912 a
765 876 971 925 primordiis
996 877 1119 912 insunt
1146 876 1347 925 passiones,
1369 877 1429 911 sed
1460 877 1563 910 etiam
1592 876 1739 911 deterio-

51 973 75 987 „
102 957 177 985 res,
199 941 241 976 de
272 940 455 977 communi
482 948 603 974 nostro
631 947 807 973 servatore
836 937 974 973 Christo
1002 938 1217 986 praedicatas
1240 937 1277 972 in
1302 937 1409 972 sacris
1432 937 1618 985 scripturis
1649 951 1738 971 com-

49 1031 73 1047 „
101 1003 276 1051 perimus,
307 1016 432 1050 easque
460 1000 695 1048 adpropriatas
723 999 813 1041 dici,
840 998 947 1034 veluti
974 999 1069 1047 quod
1097 998 1296 1033 maledictio
1324 1013 1385 1047 pro
1414 998 1538 1041 nobis,
1567 999 1673 1033 immo
1704 1007 1738 1033 et

49 1092 73 1107 ,‚
101 1072 311 1112 peccatum,
339 1064 455 1098 sactus
484 1062 609 1107 fueritg
639 1062 735 1096 iuxta
763 1061 871 1097 illud:
896 1060 1103 1095 maledictus
1132 1060 1246 1094 omnis
1275 1060 1339 1109 qui
1368 1060 1499 1108 pendet
1526 1060 1562 1094 in
1591 1060 1686 1107 ligno
1707 1061 1735 1096 ³².

50 1151 74 1167 „
103 1123 149 1159 Et
177 1124 283 1160 illud:
308 1123 526 1158 nescientem
554 1130 759 1170 peccatum,
782 1121 866 1156 fecit
888 1135 958 1156 esse
980 1128 1164 1168 peccatum
1191 1122 1218 1156 *ἦ
1247 1120 1343 1155 Tum
1364 1121 1446 1169 quia
1471 1120 1637 1155 rebellem
1659 1134 1737 1155 nos-

48 1213 74 1227 „
102 1193 190 1219 tram
212 1193 532 1231 contumacemque
554 1191 719 1217 naturam
741 1182 941 1230 susceperit.
964 1180 1023 1216 Sic
1046 1181 1142 1216 enim
1163 1181 1229 1215 sibi
1250 1181 1451 1229 adpropriat
1471 1182 1655 1229 adsumpta
1669 1210 1676 1224 ,
1698 1190 1736 1216 ut

50 1274 74 1289 „
104 1245 142 1280 in
163 1260 199 1280 se
221 1245 394 1280 deteriora
417 1251 619 1286 consumat,
642 1243 745 1278 veluti
767 1256 883 1277 ceram
904 1242 992 1289 ignis
1006 1271 1013 1284 ,
1036 1250 1148 1276 terrae
1170 1256 1333 1289 vaporem
1353 1242 1420 1278 sol:
1442 1256 1577 1291 uosque
1600 1242 1736 1291 propria

50 1334 74 1349 „
104 1306 210 1353 ipsius
234 1305 481 1353 participemus
505 1312 642 1352 propter
665 1303 928 1338 adunationem.
957 1330 980 1345 „
1007 1301 1057 1336 Ita
1082 1315 1227 1348 magnus
1253 1301 1458 1349 Gregorius,

152 1365 402 1401 Verumtamen
433 1365 525 1400 haud
547 1366 607 1399 hos
628 1364 735 1399 duces
763 1371 963 1412 sequuntur
989 1363 1145 1397 veritatis
1175 1363 1383 1409 adversariig
1410 1377 1517 1411 aeque
1540 1363 1632 1398 euim
1655 1363 1737 1398 irre—

48 1426 160 1473 ligiosi
180 1440 220 1460 ac
242 1426 356 1468 stulti,
379 1426 562 1473 carnisque
585 1424 840 1473 cupiditatibus
861 1423 994 1466 dediti,
1017 1424 1189 1458 contraria
1210 1424 1310 1472 plane
1333 1424 1492 1471 dogmata
1515 1433 1642 1459 tenent.
1666 1424 1738 1459 Nos

46 1500 128 1522 vero
157 1486 200 1520 ab
229 1486 395 1521 ecclesiae
426 1486 598 1533 magistris
628 1485 767 1528 edocti,
795 1484 890 1520 intra
919 1485 1086 1520 terminos
1115 1484 1337 1519 orthodoxiae
1368 1485 1618 1528 consistimus,
1646 1485 1737 1519 haud

49 1547 216 1595 equidem
242 1546 352 1582 Verbi
381 1555 544 1582 naturam
571 1547 614 1581 ad
646 1546 758 1581 carnis
786 1546 964 1581 trahentes
992 1546 1192 1594 passiones,
1222 1546 1284 1581 sed
1311 1546 1372 1580 has
1401 1546 1488 1580 illud
1522 1546 1587 1580 sibi
1621 1546 1739 1593 adpro-

50 1606 198 1655 priando
212 1635 220 1650 ,
241 1607 437 1641 secundum
460 1607 685 1642 oeconomiae
709 1607 901 1649 rationem,
923 1620 1068 1655 passum
1095 1606 1265 1653 dici1nus3
1288 1606 1489 1641 nullatenus
1517 1607 1553 1640 in
1574 1606 1627 1640 his
1649 1620 1666 1641 a
1688 1620 1739 1641 re-

51 1676 107 1703 cto
134 1667 318 1702 ratiocinio
348 1667 574 1710 excidentes,
599 1668 769 1716 quoniam
796 1681 889 1702 unus
915 1667 1082 1716 idemque
1105 1668 1240 1715 estqui
1269 1676 1303 1702 et
1330 1667 1470 1715 gloriam
1496 1667 1677 1715 participat
1704 1676 1739 1701 et

49 1729 274 1775 ignominias.
303 1728 407 1763 Sicut
430 1742 509 1775 ergo
533 1728 685 1776 corporis
707 1729 882 1776 passiones
905 1728 1107 1763 secundum
1128 1729 1370 1763 oeconomiam
1390 1729 1458 1764 sibi
1479 1729 1737 1777 adpropriavit,

51 1798 86 1824 et
113 1791 204 1824 sicut
230 1802 357 1837 corpus
378 1788 448 1823 Dei
473 1787 583 1824 Verbi
603 1789 757 1832 dicitur,
781 1788 828 1824 ita
851 1789 953 1824 etiam
974 1789 1054 1824 icon
1075 1789 1285 1824 sanctissimi
1313 1789 1421 1837 ipsius
1450 1790 1603 1837 corporis
1632 1803 1672 1824 ac
1698 1790 1739 1823 si-

49 1849 212 1884 militudo
226 1878 234 1892 ,
258 1863 323 1884 ceu
345 1849 482 1898 propria
503 1849 543 1883 ad
568 1849 668 1884 illum
689 1851 862 1886 refertur:
883 1858 987 1898 atque
1010 1850 1057 1884 ita
1078 1850 1317 1898 adpropriata,
1341 1858 1374 1884 et
1395 1850 1574 1884 communi
1599 1858 1740 1884 natrrra-

49 1924 130 1945 rum
157 1910 300 1945 nomine
323 1918 450 1953 utens,
471 1911 682 1958 homonyma
705 1911 890 1959 archetypo
912 1911 1116 1959 appellatur.
1143 1910 1214 1945 Vos
1236 1919 1353 1945 autem
1374 1910 1562 1958 Unigeniti
1589 1924 1738 1945 oecono-

49 1971 139 2006 miae
167 1971 284 2005 hostes
309 1972 392 2018 (vos
421 1971 519 2005 enim
546 1971 757 2006 nominatim
787 1972 983 2020 compello)
1009 1972 1092 2021 quid
1113 1971 1154 2006 ad
1175 1971 1262 2006 haec
1286 1971 1427 2006 dicitis?
1456 1970 1554 2016 Quid
1575 1971 1669 2005 iobis
1692 1972 1738 2004 vi-

50 2031 155 2066 detur
186 2031 229 2065 ad
261 2030 395 2066 Christi
426 2031 656 2078 ignominiam
692 2032 880 2067 contulisse
916 2032 1190 2067 orthodoxorum
1224 2032 1315 2067 circa
1346 2032 1502 2066 divinum
1534 2032 1739 2080 mysterium

50 2092 194 2127 immota
222 2092 305 2126 fides
332 2092 529 2141 ardensque
558 2107 654 2128 amor
665 2093 680 2128 ζ)
709 2092 782 2139 Qui
803 2094 971 2128 beneficia
992 2093 1074 2128 inde
1103 2102 1223 2128 secuta
1250 2095 1419 2128 fatentes.
1443 2107 1498 2128 res
1527 2108 1586 2141 pro
1615 2102 1735 2127 nostra

50 2153 258 2187 liberatione
287 2153 472 2200 magnifice
502 2163 614 2201 gestas
641 2154 846 2190 describunt
874 2164 980 2204 atque
1010 2155 1233 2203 depingunt,
1256 2164 1293 2189 ut
1316 2163 1492 2203 tamquam
1518 2169 1597 2202 prae
1625 2155 1737 2189 oculis

52 2227 108 2248 eas
128 2214 300 2248 habentes
314 2242 321 2255 ‚
344 2223 526 2249 recentem
550 2229 686 2263 semper
709 2224 743 2250 et
762 2216 909 2250 vividam
931 2216 1210 2264 continuamque
1232 2216 1436 2250 memoriam
1451 2244 1458 2258 ,
1480 2224 1580 2263 prout
1605 2216 1736 2251 Christi

53 2274 224 2309 ecclesiae
254 2274 453 2323 antiquitus
481 2274 653 2310 traditum
679 2276 772 2319 suit,
799 2276 835 2311 in
864 2277 990 2312 animis
1019 2277 1091 2311 suis
1120 2285 1248 2323 gerant.
1279 2277 1408 2311 Indolis
1438 2277 1568 2325 quippe
1596 2286 1735 2311 nostrae

52 2335 194 2370 tarditas
223 2344 257 2369 et
285 2335 454 2382 segnities
482 2336 581 2383 quasi
609 2336 764 2384 quodam
785 2337 926 2372 stimulo
949 2337 1079 2384 indiget
1107 2346 1365 2385 compungente
1396 2346 1431 2372 et
1457 2338 1501 2372 ad
1530 2351 1648 2372 rerum
1671 2337 1738 2372 uti-

49 2395 138 2430 lium
161 2395 321 2430 studium
343 2396 529 2431 excitante.
553 2395 662 2442 Quod
686 2396 851 2433 Christus
873 2399 986 2433 sactus
1007 2398 1115 2433 suerit
1136 2398 1338 2433 maledictio
1361 2406 1396 2433 et
1417 2406 1619 2446 peccatum,
1641 2398 1735 2446 quod

130 2498 165 2528 (1)
186 2494 267 2530 Apud
286 2495 479 2523 Combefisium
501 2496 528 2523 in
549 2496 736 2532 Amphilochii
756 2498 933 2532 reliquiarum
954 2498 1074 2525 editione
1094 2506 1119 2533 p.
1144 2501 1206 2531 142,
1227 2505 1291 2524 cum
1311 2498 1402 2533 aliqua
1422 2498 1559 2524 varietate.

132 2543 167 2572 (2)
187 2541 218 2566 In
238 2540 358 2567 editione
379 2541 509 2575 parisiaca
530 2542 561 2567 T.
584 2542 618 2567 ΙΙ.
640 2550 664 2576 p.
683 2545 743 2569 696.
765 2543 880 2577 Reliqua
902 2551 949 2577 per
967 2543 1053 2569 otium
1074 2547 1138 2569 sunt
1159 2542 1329 2577 quaerendam
1349 2551 1468 2577 namque
1487 2547 1513 2569 et
1531 2543 1647 2569 alterum
1668 2545 1736 2578 Xys-

52 2583 108 2610 seni
128 2584 262 2618 prolixum
283 2589 378 2611 eontra
397 2585 584 2619 Apollinarem
605 2586 737 2620 seriptum
759 2587 872 2621 protulit
892 2588 922 2613 L.
944 2588 1108 2622 Zaeagnius.
1130 2587 1273 2622 Ceteroqui
1293 2587 1428 2614 absurdus
1449 2588 1515 2613 milti
1536 2586 1642 2613 xidetur
1660 2596 1735 2613 (ἀι-ιι-

54 2625 171 2654 tinorum
190 2628 325 2655 librorum
346 2633 441 2655 auctor
460 2629 507 2655 lib.
527 2630 562 2655 Il.
580 2638 638 2664 (Ἤρ.
659 2633 704 2662 17,
724 2631 770 2665 qui
792 2630 825 2656 ad
845 2631 978 2658 Nic-aenae
999 2631 1096 2666 synodi
1116 2632 1271 2658 testimonia
1292 2640 1322 2657 ex
1345 2632 1479 2666 Nysseno,
1502 2632 1568 2658 nihil
1590 2632 1662 2657 aliut}
1686 2640 1736 2657 res-

55 2669 169 2703 pondet,
182 2673 236 2699 nisi
256 2673 339 2699 huius
359 2673 443 2707 patris
463 2675 543 2700 vitam
561 2679 587 2700 et
606 2673 758 2701 doctrinam
779 2675 831 2701 sibi
851 2683 909 2702 esse
928 2676 1066 2705 ienotam,
1086 2675 1199 2710 ideoque
1215 2675 1368 2702 testimonia
1391 2684 1420 2701 ex
1440 2676 1499 2702 eius
1513 2676 1653 2709 opuseulis
1675 2683 1734 2708 pro-

54 2714 107 2740 lata
127 2714 160 2740 ad
179 2723 221 2743 res
237 2717 335 2744 dubias
354 2717 572 2751 confirmandas,
592 2719 683 2745 minus
703 2720 777 2746 cerni
798 2719 905 2747 idonea.
926 2721 1032 2747 Rursus
1048 2720 1095 2746 lib.
1112 2721 1160 2746 ΙΙΙ.
1176 2728 1234 2754 cap.
1249 2723 1273 2746 5.
1293 2728 1432 2754 perperam
1449 2726 1543 2747 auctor
1562 2720 1735 2754 reprehendit

53 2759 212 2792 Tarasium,
228 2761 299 2795 quod
319 2763 348 2789 in
368 2762 430 2788 fidei
451 2762 619 2797 professione.
639 2763 736 2790 dixerit
751 2764 883 2798 Spiritum
904 2768 1029 2791 sanetum
1050 2764 1233 2791 contribulem
1255 2768 1404 2799 (rapae-‚522⁷
1442 2766 1511 2800 patri
1531 2769 1556 2791 et
1577 2765 1645 2790 tilio:
1662 2764 1734 2798 quod

53 2802 217 2830 vocabulum
237 2803 362 2833 detestari
381 2815 410 2834 se
429 2807 481 2839 ait,
502 2811 529 2833 et
548 2807 639 2834 inutili
661 2807 815 2835 eruditione
835 2809 959 2843 castigat.
981 2810 1048 2835 Eece
1068 2809 1141 2835 enim
1161 2809 1234 2844 apud
1254 2811 1406 2845 Nyssenuin
1430 2814 1522 2836 contra
1548 2800 1733 2842 Apoilinai-en}

53 2846 96 2873 ed.
114 2848 231 2882 Zacagn.
249 2856 275 2883 p.
294 2853 352 2876 166.
371 2851 533 2878 vocabulum
555 2854 689 2888 σάμςυλῃς
709 2851 743 2879 de
762 2852 819 2879 filio
839 2852 959 2886 dietum,
980 2854 1130 2888 explicatur
1151 2863 1270 2890 συμφυης
1290 2858 1333 2882 mi
1354 2857 1505 2891 beoz-dmg,
1526 2854 1552 2879 id
1572 2857 1611 2878 est
1631 2860 1734 2878 conna-

54 2892 158 2919 turalis
178 2895 206 2919 et
223 2894 480 2923 consubstantialis.

1773 1073 1782 1082 “
1797 1071 1848 1093 Gal.
1865 1073 1902 1093 lll.
1921 1075 1949 1093 1⁴3.

1774 1137 1782 1144 ’
1799 1134 1826 1154 Il.
1841 1136 1894 1155 (Tor.
1906 1135 1934 1156 V.
1946 1138 1979 1155 it,
