2203 3331
126 520 133 526 ·
152 519 166 537 1.
187 518 238 543 ιιυμ.
254 517 281 538 11v
296 519 329 538 no.

185 1605 222 1626 (ιτ,
236 1611 258 1631 p.
277 1609 320 1628 120.

143 2096 150 2101 ·
168 2092 213 2112 Lm,
232 2093 267 2113 111.
284 2096 316 2115 251-

120 2694 126 2700 ⁴
143 2693 220 2714 maini.
237 2695 262 2715 λ.

106 2577 115 2587 0
133 2576 199 2597 nare
210 2576 267 2597 xvi.
281 2579 311 2597 17.

282 2698 310 2716 H.

374 202 438 235 126
916 208 944 231 5.
972 208 1143 231 5100111010
1170 206 1425 230 ,151111101011015
1452 205 1501 229 111.

369 273 570 300 sanctorum
600 262 760 298 inimici?
787 261 899 310 Digni
920 277 966 298 ne
987 272 1068 298 sunt
1092 278 1157 298 nec
1184 276 1251 304 ne,
1272 270 1410 309 propter
1439 262 1525 295 11300
1554 260 1685 295 maiora
1713 261 1810 296 omni
1841 260 2048 309 cogitatione

369 334 471 373 atque
493 324 648 359 oratione
672 324 862 359 certamina
877 353 885 367 ,
906 338 994 373 quae
1016 326 1185 359 humanae
1214 331 1362 357 naturae
1384 322 1474 357 vires
1505 321 1672 356 excedere
1701 322 1847 366 scimus,
1869 322 1967 370 digni
1995 324 2047 358 in-

368 399 472 433 quam
502 400 544 420 ne
573 393 653 419 50111
680 385 844 420 1101101311
874 394 907 420 01
937 385 1142 433 glorificari?
1166 384 1371 433 praesertim
1399 383 1483 431 quia
1514 391 1548 417 et
1576 382 1618 417 (10
1647 381 1728 430 ipsis
1757 392 1878 419 extant
1905 385 2046 432 promis-

366 447 502 487 siones,
525 445 632 479 multo
661 454 740 480 ante
769 446 860 480 haud
890 446 1057 480 fallaciter
1085 445 1197 480 editae
1220 451 1242 465 ‘²
1268 444 1503 491 glorificantes
1531 456 1608 485 me,
1631 443 1769 491 inquit,
1792 444 1990 490 glorificabo
2019 473 2042 487 ,‚

365 520 464 540 verax
486 505 670 540 oraculum
693 506 741 541 ait
762 508 788 541 ᾗ.
810 505 893 552 Quo
918 506 970 548 id,
990 506 1152 554 inquam,
1170 505 1296 540 modo?
1318 504 1455 552 Nempe
1478 503 1577 538 aliter
1598 517 1736 551 quoque
1759 504 1919 551 plurimis
1940 505 2045 540 subli-

364 567 551 615 mibusque
574 567 742 601 encomiis
764 575 869 615 atque
892 567 1077 614 operibus,
1100 566 1226 613 dignus
1248 565 1297 600 eis
1318 564 1463 599 laudum
1485 565 1597 598 lionor
1620 572 1652 598 et
1675 564 1784 611 gloria
1806 565 2042 613 impenditur3

365 642 479 675 neque
508 635 621 661 tamen
652 628 763 662 secius
791 641 852 675 per
881 641 992 662 sacras
1021 627 1190 673 imagines
1209 655 1217 669 ,
1246 626 1279 660 id
1309 625 1405 674 quod
1435 639 1498 660 1105
1526 625 1679 671 religiosi
1709 639 1748 659 30
1775 625 2043 674 philomartyres

363 688 459 723 valde
489 688 686 734 satagimus.
710 688 940 722 Yeneramini
963 702 1042 733 ergo
1064 687 1253 721 certamina
1268 715 1276 729 ,
1298 687 1463 721 honorate
1492 686 1691 720 memoriam
1706 714 1713 728 ‚
1738 686 1885 720 celebria
1913 686 1969 721 illa
1998 688 2044 721 sa-

366 750 483 784 cinora
511 749 725 783 admirantes
754 757 968 796 martyrum,
990 762 1077 796 quos
1107 749 1200 782 serae
1230 762 1372 796 quoquc
1401 748 1645 787 erubuerunt,
1668 747 1797 795 quibus
1826 746 1914 794 ignis
1941 762 2041 795 saepe

363 810 487 853 cessit,
507 812 639 845 serrum
661 810 848 844 infractum
869 818 918 843 est
938 817 972 843 et
995 809 1177 851 obtusum,
1194 809 1358 856 poenales
1377 809 1539 856 diruptae
1559 816 1644 843 sunt
1665 808 1862 854 maeliinae3
1882 816 1916 843 et
1935 822 2040 843 sensu

363 871 619 919 quodammodo
643 879 734 905 13013
757 870 948 911 elementa,
970 877 1161 916 martyrum
1182 883 1260 915 erga
1284 882 1510 904 communem
1532 868 1726 903 Dominum
1749 869 1949 911 caritatem,
1974 883 2039 904 ceu

365 945 529 967 conserva
556 930 700 965 reverita
725 939 817 964 sunt.

467 992 524 1027 53.
552 991 608 1025 An
630 1004 709 1025 vero
731 990 828 1025 aliter
850 1004 909 1024 vos
933 989 1161 1025 existimatis?
1188 988 1408 1024 Aversamini
1437 998 1550 1025 autem
1578 999 1778 1025 sanctorum
1803 1004 1926 1039 preces
1941 1018 1948 1032 ,
1972 991 2043 1025 sus-
2063 1010 2068 1013 *

361 1052 481 1087 foditis
503 1060 729 1098 augustorum
752 1051 914 1085 altarium
936 1064 1049 1084 sacras
1073 1063 1232 1092 mensas,
1256 1058 1296 1085 111
1318 1051 1454 1084 1131111113
1478 1065 1519 1085 ex
1540 1051 1663 1086 horum
1685 1051 1841 1099 reliquiis
1869 1051 2015 1086 ardente
2030 1080 2039 1093 ‚

360 1112 462 1147 sicuti
490 1120 603 1146 vester
630 1111 817 1146 Mamonas
846 1110 931 1145 fecit
958 1125 998 1145 30
1027 1110 1170 1152 docuit,
1194 1110 1448 1157 perfruamini?
1476 1110 1521 1145 Et
1546 1111 1756 1146 venerabiles
1785 1112 1906 1146 horum
1935 1111 2040 1145 aedes

360 1172 623 1220 conspurcatis,
643 1171 808 1219 omnique
829 1172 961 1205 l'oetore
984 1184 1023 1205 ac
1047 1170 1270 1217 turpitudine
1295 1170 1459 1218 oppletis,
1479 1179 1598 1206 5311013
1618 1171 1772 1219 polluitis
1793 1180 1826 1206 et
1849 1171 2039 1219 profanatis

360 1246 440 1268 00111
468 1233 607 1267 illorum
635 1232 741 1266 sacris
769 1230 972 1273 caelaturis,
999 1231 1124 1279 qulbus
1152 1239 1347 1279 martyrum
1374 1246 1428 1266 res
1457 1231 1634 1279 praeclare
1662 1240 1797 1278 gestae,
1828 1240 1860 1266 01
1888 1232 2038 1266 celebria

359 1293 568 1335 certamina,
592 1306 657 1328 eeu
686 1293 725 1327 fit
753 1292 790 1326 in
820 1291 918 1326 libris
948 1292 993 1326 ita
1023 1291 1058 1325 111
1089 1291 1244 1326 eeclesiis
1266 1305 1304 1326 ae
1332 1292 1456 1326 tabulis
1485 1292 1668 1340 splendide
1696 1292 1787 1340 picta
1817 1292 2038 1327 exhibentur.

359 1353 457 1400 Quin
485 1354 572 1388 adeo
602 1353 700 1387 libris
723 1353 828 1388 etiam
849 1352 982 1401 aliquot
1005 1352 1084 1387 talia
1113 1353 1381 1388 continentibus
1410 1353 1482 1400 igni
1510 1353 1669 1395 traditis,
1691 1353 1848 1388 cinerem
1876 1353 2039 1388 favillam-

358 1429 425 1463 que
448 1415 508 1449 llos
532 1414 733 1449 efficiendos
762 1414 902 1448 curastis
916 1442 924 1456 ,
946 1421 983 1448 ut
1005 1414 1054 1448 sie
1076 1413 1183 1448 etiam
1209 1422 1411 1448 sanctorum
1432 1415 1635 1449 memoriam
1655 1414 1817 1449 funditus
1841 1414 2038 1449 aboleretis.

358 1475 429 1510 lam
458 1489 538 1510 vero
559 1475 621 1523 qui
643 1475 689 1509 ita
711 1475 873 1510 adversus
902 1482 1039 1510 sanctos
1068 1474 1288 1509 insolescunt
1320 1476 1448 1522 (prout
1470 1488 1510 1509 ex
1532 1489 1568 1509 re
1596 1475 1790 1522 praesenti,
1812 1474 1960 1523 quisque
1982 1489 2037 1509 vo-

358 1536 422 1578 let,
446 1536 693 1571 adfirmationis
722 1535 900 1570 veritatem
930 1535 1124 1583 comperire
1154 1535 1307 1583 poterit)
1337 1535 1422 1583 quid
1452 1549 1523 1569 non
1549 1544 1646 1570 erant
1675 1536 1791 1570 acturi
1818 1535 2036 1570 horrendum

356 1606 460 1646 atque
487 1596 692 1632 incredibile
721 1597 884 1631 adversus
913 1605 1071 1638 sanctos,
1096 1596 1121 1630 si
1149 1597 1237 1630 forte
1267 1596 1301 1630 in
1331 1610 1368 1630 ea
1395 1604 1551 1644 tempora
1576 1596 1806 1639 incidissent,
1829 1597 1957 1645 quibus
1985 1595 2035 1629 illi

356 1659 544 1694 vixerunt?
572 1658 701 1693 Nonne
729 1666 824 1692 tanto
852 1658 967 1705 peiora
996 1657 1234 1705 praesentibus
1265 1665 1298 1692 et
1322 1657 1450 1692 diriora
1478 1657 1665 1700 fecissent,
1687 1666 1817 1706 quanto
1844 1657 1952 1691 maior
1977 1657 2038 1691 ho-

356 1733 434 1754 rum
460 1733 539 1765 erga
564 1733 680 1753 veram
708 1719 914 1765 religionem
939 1717 1127 1753 adversatio
1154 1718 1335 1753 cernitur?

460 1780 516 1825 34·
548 1779 619 1814 Sed
642 1779 735 1814 enim
756 1779 925 1814 simulant
947 1793 980 1813 se
1003 1779 1168 1813 adversus
1191 1779 1317 1826 templa
1338 1778 1530 1826 irreligiose
1553 1793 1624 1814 non
1654 1793 1773 1826 agere3
1797 1778 1857 1813 sed
1881 1778 1945 1826 ipsi
1968 1778 2035 1812 sibi

353 1841 476 1875 sucum
499 1841 634 1875 saciunt
656 1840 830 1876 dicentes:
862 1846 909 1885 023>
940 1841 1002 1874 ista
1030 1840 1172 1888 quidem
1194 1848 1315 1874 sancta
1341 1854 1416 1874 esse
1431 1868 1438 1881 ,
1460 1841 1502 1874 ob
1530 1840 1600 1875 illic
1627 1849 1764 1888 peraeta
1789 1840 1954 1874 sacrificia
1969 1868 1977 1881 ,
1999 1847 2035 1873 ct

356 1909 403 1947 σᾷ)
433 1915 549 1935 530135
571 1915 692 1949 preces
714 1910 815 1949 atque
839 1901 1076 1936 invocationes
1091 1930 1098 1944 ,
1121 1915 1208 1949 quae
1232 1901 1265 1935 in
1291 1914 1412 1935 eorum
1433 1901 1701 1935 fundationibus
1726 1902 1824 1935 fiunt.
1851 1906 1898 1945 (ῥ’)
1923 1900 2034 1948 Atqui

352 1962 433 2010 quid
458 1962 492 1995 ni
514 1970 593 1996 sunt
621 1962 707 1996 fatui
734 1961 923 2010 stolidique
954 1962 1122 2003 omnino,
1148 1975 1230 1996 cum
1252 1975 1322 1996 non
1346 1961 1542 2008 intelligant
1568 1961 1859 1996 sanctificationis
1889 1961 2034 2008 gratiam

353 2023 536 2071 sanctique
561 2022 712 2071 Spiritus
743 2023 974 2071 praesentiam
997 2022 1039 2057 ad
1062 2031 1176 2057 totum
1204 2022 1368 2070 templum
1397 2023 1598 2070 pertinere?
1622 2037 1734 2070 neque
1761 2022 1854 2057 enim
1876 2022 1918 2057 ad
1940 2035 2035 2056 men-

354 2097 470 2118 suram
492 2084 594 2118 datur
618 2082 773 2131 Spiritus
794 2085 828 2130 ἢ
852 2098 965 2132 neque
989 2098 1064 2132 pars
1086 2083 1229 2131 quidem
1252 2083 1371 2131 templi
1393 2084 1500 2130 gratia
1523 2083 1712 2125 imbuitur,
1734 2097 1809 2131 pars
1831 2091 1948 2117 autem
1970 2083 2033 2117 hac

352 2143 565 2179 destituitur.
594 2144 684 2178 'Nam
706 2144 756 2179 vel
781 2152 890 2179 totum
918 2158 1053 2179 sacrum
1074 2153 1123 2179 est
1145 2153 1179 2179 et
1201 2153 1379 2186 sanetum,
1402 2144 1453 2178 vel
1481 2146 1667 2192 profanum
1692 2152 1803 2178 totum
1830 2152 1933 2191 atque
1961 2143 2034 2191 pol-

351 2204 474 2240 lutum.
503 2204 549 2238 At
579 2213 635 2247 tu,
659 2205 720 2253 qui
749 2205 1097 2253 incircuinscriptum
1126 2219 1239 2247 amas,
1263 2214 1295 2240 et
1323 2214 1492 2253 martyres
1514 2205 1592 2239 odio
1618 2205 1745 2247 habes,
1766 2205 1853 2239 dum
1882 2205 2034 2240 sanctifi-

351 2265 523 2299 cationem
546 2265 824 2307 circumscribis,
849 2279 922 2300 rem
945 2274 1049 2300 totam
1070 2265 1282 2314 insipienter
1307 2267 1421 2300 aul'ers
1436 2294 1443 2308 ,
1466 2266 1548 2313 quia
1578 2266 1635 2300 0111
1664 2265 1741 2314 plus
1765 2265 1880 2308 inest,
1903 2266 1931 2299 si
1952 2279 2034 2300 con-

350 2325 500 2359 fidenter
528 2325 643 2360 dicere
672 2325 777 2368 licet,
806 2327 1000 2372 subtrahi53
1027 2326 1189 2374 quoniam
1218 2327 1301 2361 11300
1330 2326 1476 2361 aliunde
1507 2326 1610 2361 etiam
1640 2326 1782 2374 gratiam
1810 2326 2030 2374 participant.

350 2384 442 2419 7Nam
470 2385 563 2420 sieut
593 2386 719 2434 templa
741 2401 759 2421 a
782 2387 910 2421 sanctis
932 2387 1039 2422 rebus
1061 2387 1330 2435 appellationem
1359 2387 1560 2435 accipiunt,
1584 2388 1629 2421 ita
1651 2395 1684 2421 01
1705 2395 1905 2421 sanctorum
1926 2387 2032 2421 simu-

348 2445 439 2480 13013
461 2459 590 2480 nomen
612 2447 738 2481 horum
759 2447 967 2495 inscriptum
990 2455 1139 2495 gerunt,
1162 2456 1269 2496 atque
1292 2448 1356 2482 hoc
1379 2448 1662 2493 sanetfficanturg
1689 2447 1716 2481 si
1737 2455 1829 2481 certe
1855 2447 2031 2481 credibilis

350 2506 414 2540 tibi
442 2506 656 2555 minimeque
684 2507 830 2542 mendax
861 2509 953 2542 testis
981 2517 1033 2543 est
1064 2507 1248 2551 Christus,
1270 2509 1331 2557 qui
1358 2509 1427 2543 vim
1454 2508 1607 2543 nominis
1632 2508 1844 2555 gratiamque
1874 2507 2030 2542 declarat

349 2566 473 2602 dicens
496 2574 518 2588 ³*
545 2568 580 2601 in
610 2567 750 2602 nomine
780 2582 856 2603 meo
885 2569 1067 2604 daemonia
1097 2569 1240 2605 eiicient
1265 2573 1291 2605 ³².
1317 2598 1339 2612 „
1364 2569 1406 2604 Et
1427 2584 1515 2618 quae
1537 2569 1583 2603 ibi
1605 2568 1785 2616 sequentia
1814 2569 1955 2603 seimus.
1984 2567 2030 2603 Et

349 2634 371 2649 ‘⁶
402 2629 465 2676 qui
492 2628 616 2676 recipit
642 2629 842 2676 proplietam
870 2629 904 2663 in
934 2630 1078 2664 nomine
1107 2631 1296 2678 prophetae
1329 2632 1402 2677 (1),
1429 2630 1632 2664 mercedem
1661 2630 1844 2677 prophetae
1873 2629 2029 2677 accipiet.

352 2717 374 2730 .,
403 2688 447 2723 Et
467 2689 530 2737 qui
552 2689 676 2736 recipit
698 2689 830 2724 iustum
852 2689 888 2723 in
912 2690 1051 2725 nomine
1074 2691 1157 2725 iusti
1172 2720 1179 2733 ,
1202 2691 1398 2726 mercedem
1419 2691 1500 2725 insti
1522 2690 1669 2738 accipiet
1689 2691 1715 2724 ᾖ.
1742 2719 1763 2733 „
1788 2688 1860 2735 Qui
1882 2704 1964 2735 ergo
1985 2690 2028 2724 ad

348 2749 506 2797 martyris
535 2750 704 2798 templum
731 2751 902 2792 accurrit,
925 2751 965 2785 ad
997 2752 1182 2799 imaginem
1210 2753 1338 2800 pariter
1362 2751 1506 2787 accedit.
1536 2751 1695 2799 Utraque
1723 2751 1864 2799 opificia
1893 2759 2030 2786 suntet

428 2883 457 2912 ζί]
481 2880 557 2908 Adde
575 2881 604 2907 in
623 2889 720 2916 graeco
739 2885 866 2908 contextu
886 2882 907 2907 ,ἐν
932 2883 1034 2917 dugann
1056 2884 1201 2918 πρηςῇτου,
1222 2882 1296 2917 quod
1315 2882 1434 2910 editione
1455 2886 1547 2909 nostra
1567 2881 1675 2909 excidit.
