2203 3331
653 230 818 252 ADVERSUS
843 228 1086 252 coxsuxrismi
1113 228 1343 250 correxit-:mr
1794 218 1835 251 21

167 286 227 322 Sic
257 285 354 322 enim
382 293 420 320 tu
449 285 484 319 in
516 283 649 319 Christi
677 284 909 319 hereditatem
937 283 1090 324 irruens2
1114 291 1247 330 partem
1278 283 1352 317 eius
1383 282 1526 317 electam
1548 291 1581 317 et
1603 295 1680 330 prae
1711 282 1839 316 ceteris

168 347 420 382 ferventiorem
447 344 676 380 intolerandis
698 344 927 393 plurimisque
954 342 1091 378 iniuriis
1115 356 1348 390 persequensf
1371 357 1479 390 usque
1504 343 1543 377 ad
1570 356 1695 377 necem
1722 356 1840 377 exeru-

171 408 276 443 ciasti.
301 406 375 441 Hoc
400 406 538 441 edidisti
562 407 712 454 primum
734 405 894 440 vesaniae
920 412 999 438 tuae
1022 403 1285 438 documentum.

279 482 291 502 1
306 482 333 503 1.
365 472 411 511 01³
442 466 650 502 Traditione
671 466 795 500 didicit
816 464 987 500 confiteri.
1018 468 1064 506 (ᾖ)
1095 462 1169 497 Hoc
1192 463 1290 504 loeo,
1311 463 1363 497 vel
1387 463 1480 511 quod
1505 464 1551 498 ait
1575 478 1643 499 non
1666 463 1838 499 intellexit

171 530 257 571 iste,
279 528 341 577 qui
368 528 524 563 omnium
552 527 845 576 sapientissimum
874 539 908 559 se
931 524 1139 566 arbitratur,
1158 523 1210 558 vel
1237 523 1315 558 «lata
1344 538 1445 571 opera
1468 525 1579 571 potius
1607 525 1679 559 vult
1707 525 1840 572 aliquos

170 589 314 635 sallereg
347 597 450 637 atque
483 588 575 623 haud
609 587 680 622 seio
712 595 830 621 utrum
862 584 1015 619 insaniae
1043 585 1159 632 potius
1194 598 1238 618 an
1273 583 1464 619 calliditatis
1498 584 1751 619 insimulandus
1784 585 1837 621 sit.

172 649 303 684 Audiet
324 650 418 684 enim
445 663 463 684 a
490 649 606 684 nobis:
627 647 739 682 adhuc
762 655 798 681 tu
819 645 1046 680 traditionem
1072 645 1263 680 memoras?
1292 644 1389 690 Quid
1411 644 1449 678 ni
1468 658 1549 679 vcro
1578 653 1616 678 tu
1644 654 1746 679 antea
1771 645 1839 692 pri-

169 724 265 745 scam
293 719 394 758 atque
415 709 456 744 ab
478 709 580 742 initio
601 722 619 742 a
640 707 769 741 sanctis
791 706 950 755 apostolis
973 705 1184 754 inclytisque
1205 705 1363 753 patribus
1387 704 1510 739 nostris
1537 704 1696 739 traditam
1719 719 1758 740 ac
1783 706 1839 740 do-

171 772 359 806 minantem
381 771 415 804 in
438 769 606 804 catholica
626 781 707 802 vere
729 776 763 802 et
783 767 968 815 apostolica
989 766 1131 801 ecclesia
1153 765 1447 801 consuetudinem
1469 765 1639 808 admittis,
1661 765 1729 800 sive
1750 780 1836 813 quae

168 832 294 867 litteris
316 832 385 866 sive
405 844 490 879 quac
511 844 595 865 voce
615 837 752 864 tantum
774 828 901 863 tradita
925 828 1016 863 fuit?
1038 834 1060 848 ‘⁵'
1086 827 1183 862 State
1205 828 1320 870 enim,
1343 827 1458 875 inquit
1481 826 1581 861 divus
1603 826 1773 874 apostolus
1795 826 1836 862 ad

171 921 195 935 n
224 892 393 941 quosdam
416 891 574 926 scribens
597 891 633 932 ᾗ,
659 898 692 924 et
717 889 866 924 retinete
890 888 1116 930 traditioneS,
1137 902 1220 937 quas
1246 888 1443 930 didicistis,
1468 887 1536 922 sive
1561 901 1620 935 per
1645 900 1837 921 sermonem

172 981 195 995 „
222 953 289 986 sive
311 965 372 999 per
392 951 568 999 epistolam
588 959 752 986 nostram.
775 979 797 993 ‚‚
816 949 939 998 Aeque
960 950 1051 984 enim
1073 950 1252 997 utrimque
1272 949 1321 983 vis
1341 957 1374 984 et
1392 948 1549 997 probatio
1567 948 1683 983 confit.
1706 947 1835 983 Nonne

168 1027 247 1059 ergo
270 1012 467 1060 insipientis
489 1012 700 1060 attonitique
727 1012 811 1046 haec
840 1019 898 1046 tua
927 1011 1031 1046 verba
1052 1011 1158 1046 sunt?
1187 1009 1285 1045 modo
1314 1009 1451 1044 scilicet
1480 1009 1516 1043 in
1542 1022 1613 1044 uno
1642 1008 1835 1057 eodemque

168 1073 302 1120 negotio
331 1072 552 1107 traditionem
580 1072 746 1107 eeclesiae
775 1071 980 1115 admittere,
1004 1071 1104 1106 modo
1134 1071 1321 1106 recusare?
1343 1069 1439 1104 Haec
1464 1069 1695 1116 dogmatizare
1717 1069 1836 1104 volens

166 1133 222 1168 hio
250 1133 530 1175 sollertissimus,
554 1133 728 1181 quomodo
757 1146 832 1167 non
860 1132 1056 1180 reputavit,
1081 1131 1212 1166 Christi
1240 1131 1443 1174 ecclesiam,
1466 1143 1548 1165 cum
1575 1129 1700 1165 ceteris
1729 1130 1836 1164 omni-

167 1193 231 1228 bus
260 1193 362 1228 sacris
391 1194 515 1235 rebus,
542 1193 796 1227 venerabilium
823 1206 960 1241 quoque
990 1192 1184 1238 imaginum
1210 1191 1364 1226 studium
1394 1199 1427 1226 et
1456 1191 1728 1225 convenientem
1757 1190 1836 1225 ado—

168 1254 339 1288 rationem
358 1255 401 1288 ab
423 1254 524 1289 initio
546 1268 656 1302 usque
679 1254 720 1288 ad
742 1254 951 1288 hodiernum
971 1253 1084 1295 diem,
1103 1261 1207 1301 prout
1228 1252 1380 1300 accepit,
1402 1252 1627 1287 conservare?
1650 1250 1720 1286 Sed
1742 1251 1835 1286 enim

166 1314 303 1349 videtur
322 1315 367 1349 ob
388 1315 634 1362 arrogantiam,
656 1329 744 1363 quae
765 1315 877 1362 passio
898 1314 969 1349 dira
991 1313 1094 1349 simul
1115 1322 1165 1348 est
1184 1321 1217 1348 et
1237 1313 1332 1348 facile
1353 1312 1514 1347 incidens
1537 1313 1608 1359 (1),
1631 1312 1669 1346 in
1690 1312 1761 1360 ipsa
1782 1311 1834 1347 rei

169 1389 302 1410 summa
323 1376 491 1411 aberrare.
514 1375 673 1424 Namque
696 1383 729 1410 et
747 1375 827 1410 heic
849 1384 957 1410 semet
976 1375 1060 1409 fallit
1080 1374 1266 1410 Biamonas
1280 1403 1287 1417 ,
1308 1373 1361 1408 vel
1387 1381 1479 1408 certe
1506 1373 1588 1407 alios
1610 1372 1738 1421 quibus
1760 1385 1835 1407 rein

167 1436 378 1483 persuadere
399 1451 433 1471 se
455 1445 561 1485 putat.
585 1436 667 1471 Non
691 1444 740 1471 est
762 1450 841 1483 ergo
854 1436 994 1479 verbis,
1010 1436 1138 1484 quibus
1154 1435 1194 1469 ad
1217 1435 1411 1470 multorum
1430 1434 1676 1482 deceptionem
1698 1433 1832 1476 utitur,

166 1496 448 1539 adtendendum,
473 1497 531 1531 sed
556 1511 596 1531 ex
617 1496 718 1531 modo
749 1511 789 1531 ac
816 1496 1047 1539 facinoribus,
1071 1510 1159 1544 quae
1188 1495 1348 1531 adversus
1377 1503 1513 1542 sanctos
1539 1494 1754 1529 machinatus
1784 1502 1833 1528 est

168 1570 208 1591 ac
236 1558 402 1605 patravit,
427 1557 468 1592 de
501 1572 540 1592 eo
568 1557 796 1592 iudicandum
825 1566 887 1592 est.

275 1631 328 1654 12.
356 1617 495 1653 Deinde
524 1618 636 1654 addit:
668 1624 715 1663 (ᾖ)
746 1632 818 1652 non
845 1626 978 1652 mutata
1004 1618 1039 1652 in
1067 1632 1209 1653 carnem
1232 1617 1430 1660 divinitate,
1453 1631 1568 1665 neque
1598 1631 1697 1652 carne
1722 1616 1833 1651 inere-

170 1682 218 1721 ς’ἑ)
248 1687 407 1713 mentum
429 1679 606 1713 adferente
627 1678 806 1714 divinitati.
833 1683 879 1721 (ἕ)
905 1678 992 1713 Heie
1014 1693 1047 1713 se
1069 1679 1250 1713 manifeste
1271 1679 1485 1713 demonstrat
1508 1678 1600 1712 circa
1617 1677 1761 1712 Domini
1782 1676 1834 1710 in-

168 1739 403 1773 carnationem
425 1753 534 1774 errare
547 1768 554 1777 t
576 1753 741 1787 suamque
763 1738 930 1787 paulatim
950 1739 1020 1773 iam
1039 1738 1166 1787 incipit
1187 1739 1449 1788 improbitatem
1469 1737 1612 1773 nudare.
1633 1737 1717 1772 Non
1739 1737 1834 1771 enim

166 1800 258 1834 sieut
279 1799 394 1834 Verbo
416 1799 779 1834 inconvertibilitatem
806 1799 995 1842 adtribuit,
1016 1799 1062 1834 ita
1083 1800 1188 1834 etiam
1217 1800 1312 1834 carni
1331 1799 1423 1834 idem
1443 1799 1655 1833 adtributum
1681 1797 1834 1844 adsigna-

166 1860 233 1906 vitg
257 1860 391 1895 etiamsi
410 1860 583 1908 aliquibus
606 1859 812 1907 persuadere
840 1874 875 1894 se
898 1868 1016 1908 putat,
1038 1874 1177 1894 carnem
1197 1874 1215 1894 a
1235 1874 1270 1894 se
1293 1859 1437 1895 admitti.
1468 1858 1543 1894 Cur
1565 1859 1660 1893 enim
1680 1857 1834 1905 oportuit

166 1919 444 1963 incrementum,
468 1919 808 1954 inconvertibilitatis
835 1920 911 1954 loeo
939 1920 1053 1955 dicere
1065 1922 1080 1956 ᾗ)
1107 1920 1196 1967 Ergo
1226 1920 1338 1955 carnis
1366 1920 1592 1968 proprietates
1616 1932 1754 1967 prorsus
1775 1932 1833 1953 ne-

165 1994 270 2026 gans,
293 1994 428 2028 pravam
456 1994 554 2015 suam
581 1981 792 2015 sententiam
819 1980 1016 2016 denuntiat.
1048 1988 1094 2027 (λζ-Ἴ
1128 1980 1198 2015 Sed
1227 1981 1359 2016 duabus
1386 1980 1523 2015 naturis
1552 1980 1588 2014 in
1616 1980 1832 2014 inconfusam

169 2047 216 2086 (719
246 2056 352 2077 unam
374 2043 578 2077 coeuntibus
598 2042 766 2077 unionem
785 2042 973 2077 divinitatis
996 2051 1027 2077 et
1049 2043 1294 2086 humanitatis,
1313 2055 1424 2078 unum
1445 2042 1668 2089 eundemque
1690 2055 1761 2075 esse
1782 2054 1832 2075 se-

168 2106 216 2144 <52³
247 2103 402 2137 cundum
425 2103 565 2138 unicam
588 2106 636 2152 (2)
659 2103 890 2151 hypostasim,
913 2103 1088 2151 duplicem
1111 2104 1147 2138 in
1169 2118 1238 2138 una
1261 2117 1415 2151 persona.
1446 2108 1494 2147 σ’ς’)
1525 2101 1613 2137 Heie
1637 2115 1774 2150 quoque
1795 2115 1830 2136 se

166 2163 277 2210 ipsum
297 2164 403 2206 fallit,
425 2164 569 2198 minime
590 2177 669 2198 vero
691 2164 863 2198 auditores
886 2178 1023 2211 sagaces
1045 2173 1148 2212 atque
1170 2164 1338 2199 cordatos.
1361 2163 1453 2198 Nam
1472 2163 1500 2198 si
1520 2171 1612 2198 recte
1633 2162 1829 2211 proposuit,

167 2238 231 2258 cur
256 2232 351 2258 recte
380 2238 516 2273 quoque
538 2238 612 2260 non
635 2224 815 2260 distinxit?
845 2224 884 2258 Si
906 2225 1104 2260 inconfusas
1125 2225 1289 2260 mansisse
1312 2233 1476 2260 coeuntes
1504 2224 1540 2259 in
1564 2223 1705 2259 Christo
1728 2231 1830 2258 natu—

164 2298 216 2318 ras
244 2285 354 2320 fassus
384 2294 454 2327 est,
483 2285 606 2333 utique
634 2285 755 2320 debuit
784 2286 842 2320 has
871 2286 953 2320 item
980 2300 1118 2334 prorsus
1148 2285 1430 2321 inconvertibiles
1459 2299 1528 2320 esse
1555 2298 1628 2319 non
1656 2284 1828 2319 dubitare.

163 2345 302 2380 Deinde
324 2345 497 2394 quomodo
519 2345 740 2394 proprietates
761 2346 903 2394 quidem
924 2346 1084 2389 alterius,
1108 2345 1143 2380 id
1166 2354 1217 2381 est
1240 2355 1382 2381 naturae
1403 2345 1528 2388 Verbi,
1549 2353 1689 2394 propter
1710 2344 1830 2379 incon·

163 2407 423 2441 vertibilitatem
445 2415 658 2442 conservatas
678 2420 874 2455 proponere
896 2407 1048 2453 simulat3
1069 2407 1210 2442 alterius
1232 2416 1364 2450 autem,
1386 2406 1476 2442 idest
1498 2407 1629 2449 carnis,
1655 2414 1829 2454 tamquam

163 2467 310 2502 sublatas
330 2469 456 2514 negat?
478 2467 558 2502 Non
581 2476 632 2502 est
651 2468 717 2503 hoc
739 2468 893 2503 officium
914 2468 1085 2511 hominis,
1106 2468 1167 2516 qui
1188 2477 1326 2503 naturas
1349 2468 1523 2503 existimet
1542 2466 1827 2502 inconvertibiles

162 2537 197 2563 et
217 2529 426 2564 inconfusas,
451 2528 542 2563 Nam
563 2529 591 2563 si
613 2528 689 2577 quis
710 2542 825 2564 unum
846 2529 975 2564 iudicat
997 2543 1131 2577 passum
1152 2544 1221 2564 esse
1244 2529 1372 2577 aliquid
1398 2529 1435 2564 in
1458 2527 1728 2578 proprietatibus
1742 2556 1750 2569 ‚
1770 2541 1828 2561 ne-

164 2604 260 2625 cesse
283 2598 332 2624 est
354 2589 499 2625 alterum
527 2604 663 2638 quoque
690 2604 828 2638 passum
856 2604 965 2639 aeque
994 2592 1210 2627 confiteatur.
1240 2590 1344 2626 Sicut
1371 2590 1463 2625 enim
1488 2591 1683 2638 perfectum
1709 2588 1826 2622 Deum

163 2651 282 2685 cuncti
309 2665 370 2685 nos
397 2652 605 2686 confitemur
628 2650 810 2686 Christum
837 2651 873 2686 in
901 2652 1007 2686 forma
1034 2650 1122 2694 Dei,
1145 2652 1180 2686 id
1207 2660 1256 2686 est
1284 2651 1320 2686 in
1349 2651 1543 2686 substantia
1570 2649 1660 2692 Dei,
1682 2648 1825 2683 existen-

163 2717 250 2756 temg
272 2711 315 2745 ita
337 2720 369 2746 et
393 2726 474 2747 cum
502 2712 607 2756 servi,
631 2712 664 2746 id
694 2721 744 2746 est
771 2721 913 2755 nostra,
936 2721 1091 2760 suscepta
1118 2713 1245 2755 fornia,
1267 2713 1438 2760 perfectus
1460 2710 1652 2746 credendus
1677 2716 1726 2743 est
1749 2707 1823 2741 sine

163 2769 233 2805 ullo
258 2771 397 2806 defectu
424 2772 535 2809 homo.
563 2772 686 2821 Itaque
716 2781 749 2807 et
775 2781 889 2808 nostra
915 2773 1079 2815 ecelesia,
1100 2773 1194 2807 iuxta
1218 2773 1312 2822 quod
1341 2773 1438 2808 nobis
1459 2771 1625 2807 divinitus
1653 2767 1822 2803 traditum

239 2857 274 2887 (1)
292 2857 411 2892 Respicit
427 2858 597 2893 Nicephorus
616 2857 650 2885 {ld
669 2857 752 2885 Hebr.
773 2859 836 2885 ΧῙῘ.
860 2862 887 2886 1:
909 2860 953 2888 τήν
974 2859 1152 2894 εὐπερίστατον
1174 2860 1307 2894 :lp-zerim.

240 2902 274 2931 (2)
293 2901 374 2928 Deest
392 2902 442 2929 boc
461 2902 520 2930 loco
538 2903 568 2930 in
588 2903 680 2931 codice
698 2906 758 2939 μίαν
779 2905 905 2937 unicam,
926 2904 1004 2931 aliter
1023 2912 1054 2932 ac
1073 2912 1100 2939 p.
1124 2907 1164 2931 19.

1872 901 2076 924 ’11.'r1ws‹.11.1t.

1870 1146 1909 1168 Gr.
1922 1153 1944 1173 Ι).
1961 1151 1980 1167 s.
