2203 3331
711 197 773 221 rao
798 197 927 221 saxeus
953 196 1152 219 lMAGlNlBUs.
1704 185 1774 218 227

90 252 216 301 elegit,
239 253 395 288 divinam
415 251 634 287 contristavit
661 251 854 296 iustitiam,
878 252 1027 300 ideoque
1056 264 1226 299 supernae
1257 251 1328 286 irae
1357 252 1519 287 molestos
1542 258 1704 300 expertus
1727 260 1778 287 est

92 315 264 357 effectus,
286 322 321 348 et
341 326 471 361 poenas
492 320 719 361 peccatorum
740 313 818 350 luit.
839 312 963 348 Hostes
985 312 1080 347 enim
1101 311 1240 345 diversis
1262 312 1467 358 ingruentes
1488 312 1701 360 temporibus
1724 325 1780 346 ur-

92 376 153 411 bes
183 389 265 411 cum
292 374 415 409 incolis
443 374 678 423 diripuerunt.
707 373 933 422 Quapropter
953 374 1017 408 sub
1038 372 1192 407 barbaris
1214 372 1376 407 hostibus
1404 373 1609 415 constituti,
1632 381 1666 408 et
1687 387 1704 407 a
1726 386 1781 421 pa-

94 435 171 471 triis
193 436 322 470 ritibus
345 435 516 478 submoti,
538 435 688 469 alienam
715 435 895 482 regionem
922 434 1076 469 habitare
1098 432 1222 480 captivi
1246 433 1359 467 coacti
1386 442 1477 468 sunt.
1508 433 1700 481 Supremas
1722 433 1781 468 ita-

93 510 165 545 que
187 510 317 544 poenas
338 496 534 538 dederunt,
553 506 634 531 cum
654 509 711 531 eos
733 495 887 530 invasere
906 493 1109 542 Babylonii,
1129 502 1163 528 et
1186 493 1377 542 conspicua
1398 494 1453 528 illa
1474 495 1675 542 famosaque
1695 493 1780 528 urbs

93 565 171 605 post
199 558 492 605 expugnationem
515 570 630 592 eversa
651 556 742 599 suit,
767 556 916 605 eiusque
944 554 1180 603 pulcherrima
1203 562 1237 589 et
1258 554 1389 601 optima
1417 555 1578 590 aedificia
1606 554 1780 589 barbarici

94 618 184 665 ignis
206 619 334 666 praeda
360 619 529 660 fuerunt,
553 626 586 652 et
607 617 701 664 regia
721 617 866 666 palatia,
889 625 923 651 et
943 616 1058 650 nobile
1082 614 1279 650 Salomonis
1304 614 1473 663 templum
1496 615 1601 650 simul
1621 615 1778 663 periere,

93 680 236 728 eiusque
257 694 310 715 res
329 694 446 715 sacrae
468 679 618 728 profanis
637 679 789 714 hostium
809 678 972 713 manibus
992 677 1179 713 distractae
1198 686 1288 712 sunt.
1308 676 1567 712 Verumtamen
1586 678 1701 713 divina
1721 679 1782 713 im-

92 748 225 789 petrata
249 741 432 776 clementia
454 740 604 788 captivi,
624 748 810 788 postquam
838 753 987 788 superne
1008 739 1093 788 -ipsis
1120 739 1308 787 praefinita
1337 738 1408 773 iam
1437 748 1621 785 exegerant
1644 739 1781 787 captivi-

95 802 172 837 tatis
195 810 369 850 tempora,
390 800 539 836 vinculis
560 809 645 836 sunt
667 800 801 843 emissi,
822 800 1087 849 libertatemque
1109 800 1227 835 denuo
1251 807 1481 848 receperunt,
1504 808 1536 834 et
1557 799 1709 847 patrium
1731 814 1783 835 so-

94 862 169 898 lum
191 862 389 898 incolumes
410 871 690 911 recuperarunt,
707 862 926 911 propriisque
948 861 1102 897 ducibus
1124 870 1228 910 atque
1249 860 1491 910 principibus,
1511 860 1607 896 iuxta
1627 862 1781 909 praevias

93 924 291 972 prophetias
313 924 367 958 usi
387 931 491 969 suntg
517 937 586 972 quo
615 932 772 971 tempore
794 931 829 958 et
848 922 1045 958 Zorobabel
1074 921 1269 958 Salathielis
1297 921 1413 965 filius,
1436 930 1471 957 et
1497 921 1596 956 Iesus
1622 922 1707 956 item
1731 921 1783 956 Io-

92 983 207 1019 sedeci
236 983 329 1018 filius
352 983 416 1032 qui
438 997 584 1031 magnus
605 983 716 1018 veluti
738 983 896 1031 pontifex
923 981 1104 1018 dicebatur
1118 1011 1125 1025 ,
1146 982 1276 1031 populo
1306 995 1391 1017 cum
1418 981 1565 1030 imperio
1586 991 1782 1030 praeerant.

93 1043 200 1079 Tunc
229 1043 338 1090 igitur
365 1045 416 1079 his
446 1059 465 1079 a
485 1043 562 1080 Deo
590 1058 651 1093 per
678 1044 918 1093 propheticam
940 1057 1062 1079 vocem
1082 1043 1288 1078 mandatum
1308 1042 1396 1085 fuit,
1419 1051 1459 1077 ut
1485 1042 1581 1077 omni
1609 1042 1728 1077 studio
1751 1052 1784 1078 et

92 1104 268 1140 alacritate
291 1114 323 1140 et
346 1106 474 1140 urbem
501 1105 714 1147 excitarent,
737 1114 771 1140 et
799 1105 969 1153 templum
998 1112 1257 1139 construerent.
1285 1103 1332 1138 Et
1353 1103 1499 1152 quidem
1526 1103 1608 1138 ilico
1637 1117 1677 1138 ac
1707 1103 1783 1138 sine

92 1179 188 1201 mora
216 1181 268 1201 res
296 1166 467 1201 continuo
495 1166 649 1201 decursu
678 1166 946 1214 perficiebatur,
969 1165 1051 1214 quia
1075 1174 1108 1200 et
1132 1174 1269 1213 tempus
1297 1165 1453 1207 favebat,
1476 1173 1509 1200 et
1531 1163 1721 1199 Persarum
1748 1164 1785 1199 li-

93 1227 254 1262 beralitas
276 1241 355 1275 opes
378 1227 625 1275 suppeditabat
639 1256 646 1270 ‚
670 1236 703 1262 et
723 1227 991 1262 aedificantium
1012 1227 1130 1262 studia
1157 1227 1340 1269 calebant,
1365 1240 1428 1261 ceu
1450 1225 1513 1274 qui
1535 1239 1650 1274 nuper
1672 1239 1784 1260 caram

95 1288 242 1335 patriam
261 1296 479 1336 receperant.
501 1287 693 1337 Templum
715 1303 795 1336 ergo
815 1288 901 1323 illud
922 1288 966 1323 ita
984 1288 1185 1323 absolutum
1206 1288 1292 1330 fuit,
1312 1296 1415 1336 atque
1436 1295 1479 1322 ut
1500 1286 1649 1322 unicum
1669 1287 1783 1334 gentis

94 1349 129 1382 in
152 1348 378 1384 admiratione
404 1358 496 1392 erat,
519 1358 623 1398 atque
645 1350 687 1384 ad
709 1349 743 1384 id
767 1364 808 1384 ex
830 1349 995 1384 universo
1018 1349 1100 1384 orbe
1123 1348 1247 1384 Iudaei
1271 1349 1522 1391 confluebant,
1543 1348 1661 1397 ibique
1683 1348 1784 1383 sacri-

93 1409 172 1443 ficia
199 1409 349 1451 fiebant,
372 1418 406 1444 et
434 1410 620 1445 universae
648 1410 829 1457 religionis
860 1410 974 1444 cultus
1002 1409 1096 1444 intra
1125 1409 1215 1444 illud
1243 1409 1544 1451 concludebatur,
1567 1409 1614 1443 sic
1642 1408 1783 1456 R‘onsis

91 1469 167 1516 lege
195 1469 385 1504 sanciente.
415 1469 517 1515 Quae
539 1479 658 1504 autem
678 1471 728 1504 ibi
748 1469 1028 1518 peragebantur,
1050 1469 1194 1504 nonnisi
1220 1469 1425 1505 animalium
1448 1470 1636 1504 brutorum
1661 1470 1783 1505 caedes

92 1539 213 1573 erant,
237 1530 420 1578 sanguinis
449 1531 596 1573 effusio,
622 1531 834 1579 aspersoriae
863 1530 1154 1578 purificationes,
1180 1530 1268 1565 cinis
1295 1530 1424 1566 vitulae
1454 1530 1654 1579 inquinatos
1682 1544 1786 1566 mun·

93 1591 193 1626 dans.
214 1591 359 1626 Etenim
382 1605 511 1626 crassae
533 1592 666 1626 litterae
689 1592 906 1634 serviebant,
925 1605 998 1626 non
1018 1600 1136 1626 autem
1156 1591 1320 1640 spiritalis
1341 1591 1648 1640 contemplationis
1665 1605 1784 1627 curam

95 1661 180 1688 tunc
204 1653 382 1700 gerebant.
412 1652 535 1687 Nihilo
560 1661 678 1687 tamen
702 1653 821 1688 minus
845 1652 972 1701 templo
999 1652 1050 1686 illi
1072 1652 1183 1687 honor
1207 1652 1446 1689 deserebatur.

200 1714 256 1762 73.
285 1713 413 1748 Nostra
441 1721 558 1748 autem
587 1727 669 1748 cum
698 1713 776 1748 talia
803 1722 973 1762 tantaque
1001 1713 1092 1757 sint,
1114 1713 1235 1761 quanti
1261 1714 1302 1748 ab
1328 1713 1485 1748 hostibus
1507 1713 1662 1748 veritatis
1689 1714 1785 1749 aesti-

94 1782 256 1816 mentur,
273 1788 394 1809 rursus
416 1774 695 1811 consideremus.
715 1773 810 1810 Cum
827 1775 921 1809 enim
937 1783 1078 1823 tempus
1093 1774 1226 1817 adfuit,
1246 1788 1317 1824 quo
1335 1774 1451 1810 divina
1469 1774 1652 1810 servatoris
1671 1775 1784 1809 nostri

96 1833 231 1868 Christi
258 1835 368 1882 gratia
397 1844 605 1883 appareret,
628 1844 662 1870 et
690 1835 859 1884 templum
887 1844 1050 1871 sanctum
1077 1844 1280 1871 sanctorum
1301 1849 1320 1870 a
1341 1835 1614 1871 crucifixoribus
1642 1835 1785 1871 dissolu-

95 1903 171 1930 tum
200 1904 273 1938 est,
297 1904 332 1931 et
360 1904 437 1944 post
464 1896 628 1931 triduum
657 1896 873 1939 resurrexit,
896 1905 930 1932 et
954 1897 1139 1932 universus
1161 1897 1300 1931 divinae
1328 1896 1592 1932 humanationis
1620 1905 1783 1945 peractus

94 1956 162 1991 fuit
181 1970 308 2004 scopus
322 1984 330 1999 ‚
352 1956 687 2005 praeterieruntque
708 1966 826 1992 vetera
848 1966 882 1992 et
904 1957 1119 1992 subinducta
1140 1966 1222 1992 sunt
1242 1971 1352 2000 nova,
1375 1957 1522 1992 recessit
1540 1957 1685 2002 umbra,
1708 1971 1785 1992 suc-

94 2017 196 2051 cessit
221 2017 368 2054 veritas:
395 2025 495 2052 erant
524 2017 618 2052 euim
640 2018 720 2053 illae
749 2019 880 2065 figurae
903 2032 1024 2053 omnes
1048 2027 1081 2053 et
1100 2018 1482 2067 praesignificationes3
1505 2027 1582 2053 tum
1608 2018 1784 2067 dilapsum

96 2086 149 2113 est
176 2079 366 2126 templum,
389 2079 491 2114 desiit
520 2079 648 2126 gloria,
671 2079 778 2114 finem
806 2080 921 2115 cultus
945 2081 1102 2129 accepit,
1124 2089 1302 2129 perempta
1330 2081 1401 2116 fuit
1428 2080 1683 2116 sacrificiorum
1708 2078 1783 2123 lex,

95 2140 284 2174 brutorum
305 2139 509 2175 animalium
529 2140 686 2175 sublatae
709 2149 791 2175 sunt
812 2141 992 2184 victimae,
1011 2141 1155 2176 cessavit
1173 2142 1353 2189 sanguissis
1371 2142 1517 2184 effusio,
1537 2141 1681 2177 evanuit
1694 2142 1785 2176 fumi

94 2199 300 2248 nidorisque
324 2200 532 2246 insuavitas:
555 2210 658 2249 atque
683 2209 721 2236 ut
743 2202 860 2237 omnia
880 2202 985 2237 simul
1006 2202 1139 2245 dicam,
1160 2203 1274 2251 prisca
1298 2203 1353 2237 illa
1375 2203 1555 2252 antiquata
1576 2210 1659 2237 sunt
1681 2211 1715 2237 et
1736 2216 1785 2237 se-

95 2261 154 2295 nio
185 2262 356 2296 confecta.
380 2260 488 2307 Quod
511 2270 631 2296 autem
652 2262 856 2310 antiquatur
877 2272 912 2298 et
932 2263 1135 2307 veterascit,
1158 2264 1231 2312 quo
1257 2263 1394 2299 desinat
1408 2264 1630 2313 exploratum
1651 2271 1710 2299 est.
1737 2262 1784 2298 Hi

96 2321 205 2364 ritus,
229 2321 522 2369 quandoquidem
544 2336 631 2356 nova
653 2322 853 2358 immolatur
875 2324 985 2358 hostia
999 2353 1006 2367 ,
1029 2324 1108 2359 loco
1138 2324 1298 2359 omnium
1320 2333 1353 2359 et
1376 2338 1456 2373 prae
1480 2324 1641 2359 omnibus
1663 2323 1785 2359 subin-

96 2381 227 2424 ducta,
248 2396 288 2416 ac
316 2381 492 2429 pretiosus
519 2382 661 2429 sanguis
687 2382 906 2418 immaculati
935 2384 1016 2430 agni
1044 2398 1107 2432 pro
1137 2384 1293 2419 onmium
1320 2385 1456 2420 effusus
1484 2385 1592 2420 salute
1616 2385 1782 2426 offertur,

95 2442 132 2476 hi
154 2442 298 2491 inquam
326 2443 417 2477 ritus
445 2443 512 2478 iam
539 2443 678 2478 silentio
707 2454 921 2492 premuntur
948 2454 979 2479 et
1010 2454 1242 2480 evanuerunt.
1272 2444 1378 2492 Quod
1405 2446 1433 2480 si
1461 2446 1543 2480 haee
1570 2454 1686 2480 vetera
1715 2445 1783 2480 iam

96 2503 274 2538 destructa
288 2532 295 2546 ,
317 2512 435 2539 tamen
456 2504 564 2551 gloria
586 2504 788 2548 abundant,
810 2506 866 2540 illa
886 2520 972 2554 quae
995 2507 1190 2542 secundun)
1214 2515 1397 2542 recentem
1425 2507 1566 2554 gratiam
1592 2506 1785 2541 veritatem-

95 2578 161 2611 que
188 2573 293 2607 sunt,
317 2565 404 2613 quid
432 2566 470 2600 ni
500 2566 569 2600 sint
599 2566 808 2610 illustriora,
831 2567 1013 2616 multoque
1041 2568 1147 2615 magiS
1170 2567 1276 2615 gloria
1299 2576 1334 2603 et
1354 2569 1581 2604 veneratione
1608 2576 1784 2616 praestan-

95 2625 170 2659 tia?
198 2625 245 2660 At
266 2625 506 2661 idololatricae
530 2627 688 2662 insaniae
716 2628 893 2676 principes
909 2657 916 2667 ,
938 2628 1059 2663 fraude
1082 2642 1144 2664 sua
1171 2637 1205 2664 et
1227 2629 1388 2664 vecordia
1410 2629 1536 2678 perciti
1551 2658 1559 2673 ,
1579 2643 1625 2665 ne
1647 2642 1782 2677 eompa-

96 2686 166 2719 rari
193 2686 337 2733 quidem
364 2688 446 2722 haec
476 2702 559 2723 cum
588 2689 653 2723 illis
675 2689 799 2724 volunt
827 2704 890 2737 pro
920 2704 980 2724 sua
1008 2690 1174 2733 stultitia,
1197 2690 1257 2725 sed
1287 2699 1407 2726 contra
1427 2706 1445 2725 3
1469 2691 1614 2726 veritate
1642 2703 1781 2738 prorsus

96 2745 292 2788 divertunt,
311 2755 413 2795 atque
436 2749 478 2783 ad
500 2749 680 2797 proprium
700 2759 732 2785 et
750 2750 919 2785 dilectum
942 2750 1116 2786 mendacii
1136 2765 1291 2786 errorem
1312 2751 1699 2787 inconsiderantissime
1722 2750 1784 2784 im-

99 2807 188 2854 pulsi
216 2808 390 2843 feruntur.
419 2808 474 2844 De
499 2811 626 2845 nostris
655 2812 750 2846 enim
772 2812 911 2860 templis
939 2812 1026 2860 quid
1055 2826 1140 2860 opus
1163 2821 1215 2847 est
1236 2813 1338 2848 verba
1366 2814 1501 2856 facere,
1524 2825 1629 2861 quam
1652 2825 1690 2845 ea
1713 2811 1783 2845 sint

97 2867 244 2915 plurima
273 2876 305 2903 et
326 2869 500 2906 maxima?
526 2885 678 2919 quorum
707 2872 877 2908 nonnulla
907 2882 939 2908 ct
968 2873 1209 2922 pulcritudine
1232 2883 1263 2909 ct
1285 2874 1374 2909 mole
1395 2874 1550 2922 priscum
1573 2872 1659 2907 illud
1686 2885 1782 2920 supe-

1816 685 1855 707 Gr.
1871 691 1893 712 p.
1911 688 1957 705 121>

1819 2824 1857 2845 Gr.
1870 2830 1893 2850 p.
1911 2828 1953 2845 122.
