2203 3331
131 737 141 768 ⁶.
152 734 219 773 imni
237 733 324 754 xxxu.

218 2326 255 2344 tir.
270 2330 292 2351 μ.
308 2327 326 2345 ,Ἶ-

370 182 408 213 16
921 192 949 215 s.
975 193 1145 216 memnoni
1171 194 1423 216 AN‘l'lnRut-:TICUS
1451 195 1474 216 1.

364 254 444 280 cant
470 245 597 280 stolidi.
626 244 737 280 Porro
766 260 877 295 quum
904 247 969 296 ipsi
996 249 1132 284 sibimet
1159 250 1281 284 sucum
1302 249 1448 292 saciant,
1472 249 1536 284 hoc
1561 248 1701 284 demum
1723 251 1962 299 insipientium
1982 260 2027 287 at-

361 319 427 353 que
455 305 489 339 in
515 320 631 340 errore
656 307 868 343 versantium
893 308 1064 344 indicium
1089 318 1150 345 est.

463 379 493 400 2.
522 365 654 401 Rursus
680 367 796 416 itaque
823 368 858 402 in
880 369 943 404 liae
965 384 1104 418 quoque
1126 369 1307 418 impietatis
1332 378 1426 417 parte
1449 370 1677 405 consentanei
1700 371 1766 406 sibi
1786 381 1875 407 sunt.
1900 371 2024 420 Neque

362 425 457 460 enim
481 426 660 462 veritatem
682 427 837 463 invenire
861 429 1025 473 student,
1050 430 1110 465 scd
1132 429 1320 465 Mamonac
1346 444 1515 473 errorem,
1542 444 1607 466 ceu
1636 432 1789 479 regulam
1813 441 1845 467 et
1870 441 2024 468 exactam

361 485 561 532 dogmatum
585 487 757 522 rationem
779 488 815 522 lii
839 489 957 524 miseri
981 490 1200 538 adoptarunt.
1230 489 1367 538 Quippe
1396 490 1442 525 ita
1465 491 1507 525 ab
1533 504 1645 539 aequo
1674 492 1856 528 ratiocinio
1882 507 2026 528 recesse-

363 555 466 589 runt,
492 555 526 581 et
549 547 760 595 turpitudini
783 550 986 597 suffragium
1010 564 1112 586 suum
1137 551 1384 597 contulerunt3
1408 551 1502 586 unde
1529 551 1608 600 ipsis
1636 566 1720 587 vana
1748 553 1834 588 haec
1862 554 2024 589 doctrina

361 606 565 655 insipienter
591 609 736 644 conssata
761 618 819 645 cst.
840 610 930 645 Vere
954 611 996 646 de
1018 611 1064 646 ita
1084 611 1319 647 sentientibus
1342 626 1439 647 nunc
1463 626 1604 660 quoque
1630 612 1786 649 dicetur:
1809 628 1849 648 ex
1871 615 1938 649 vite
1964 614 2027 649 So-

363 667 568 711 domorum,
589 683 663 704 esse
684 670 786 704 vitem
808 684 947 717 eorum,
968 671 1148 719 palmitem
1169 686 1290 707 eorum
1311 687 1350 707 ex
1373 673 1584 715 Gomorrha,
1607 682 1641 708 ct
1662 686 1762 708 uvam
1784 688 1905 709 eorum
1924 689 2026 710 uvam

362 728 472 771 sellis,
500 743 679 765 racemum
703 744 823 765 eorum
851 731 1119 766 amaritudinem
1141 734 1168 768 *ἦ
1196 732 1358 781 Namque
1388 734 1574 781 impietatis
1603 733 1700 769 illinc
1726 747 1898 769 meracam
1921 735 2026 769 veluti

362 789 563 825 haurientes
590 791 882 834 amaritudinem,
905 800 940 826 et
968 792 1145 827 elaboratis
1173 807 1191 827 a
1218 793 1386 829 tvtamoua
1415 794 1507 829 falsis
1536 794 1655 829 sabulis
1682 795 1848 830 ebriatum
1875 804 2027 830 mentem

363 859 517 897 gerentes
531 879 538 893 ,
560 851 600 885 ad
629 851 844 899 prodigiosas
868 860 902 886 et
923 852 1178 888 irrationabiles
1200 867 1338 901 prorsus
1366 855 1581 901 garrulitates
1604 855 1759 902 linguam
1787 856 2026 891 absurdissime

363 920 592 946 commovent.
620 911 741 946 Multo
768 912 884 961 itaque
909 926 943 947 se
965 913 1082 953 labore
1111 922 1320 958 atterentes,
1344 916 1543 964 multosque
1569 916 1670 951 libros
1698 925 1956 964 corrumpentes
1980 925 2027 951 at-

362 985 431 1019 que
456 971 712 1014 adulterantes,
740 972 978 1021 plurimasque
1002 973 1212 1021 inclytorum
1237 983 1376 1022 patrum
1399 976 1605 1018 sententias,
1634 991 1700 1012 nec
1725 991 1797 1012 non
1823 986 1857 1011 et
1879 977 2025 1012 aliorum

362 1031 404 1064 ab
431 1031 596 1066 ecclesiae
627 1040 728 1066 coetu
757 1032 978 1080 expulsorum
1006 1042 1216 1076 scrutantes,
1244 1035 1374 1082 hasque
1403 1037 1606 1083 perturbare
1636 1045 1668 1071 et
1695 1038 1813 1072 fucare
1843 1046 2025 1080 conantes,

361 1090 472 1126 nihilo
497 1091 604 1138 magis
629 1093 858 1140 profecerunt.
884 1092 1086 1128 Mamonam
1109 1108 1189 1129 vero
1211 1095 1352 1142 paribus
1373 1109 1413 1130 ac
1436 1096 1568 1130 ethnici
1588 1097 1777 1131 honoribus
1798 1106 1967 1140 mactant,
1990 1098 2025 1132 in

362 1151 508 1199 eiusque
538 1160 667 1187 sectam
692 1161 795 1201 atque
825 1154 1032 1188 sententIam
1060 1154 1204 1202 pedibus
1236 1163 1359 1190 euntes
1388 1155 1732 1203 imprudentissime,
1756 1165 1929 1205 tamquam
1952 1172 2027 1205 pro-

362 1211 471 1259 priam
492 1212 696 1248 adsciscunt
716 1227 756 1248 ae
777 1213 938 1260 diligunt.
960 1213 1074 1262 Atque
1096 1215 1134 1249 in
1156 1215 1208 1249 his
1230 1215 1437 1263 praecipue,
1459 1215 1519 1263 qui
1540 1215 1664 1250 stolide
1688 1216 1724 1250 in
1746 1215 1838 1250 illius
1859 1217 2027 1263 apostasia

360 1272 579 1318 antesignani
601 1282 704 1316 sunt,
728 1288 768 1308 ex
792 1274 856 1308 hac
880 1274 1075 1321 ignominia
1100 1275 1225 1310 claram
1248 1276 1372 1310 samam
1399 1275 1544 1324 adipisci
1572 1284 1752 1324 putantes,
1773 1275 1866 1311 hisce
1891 1275 2029 1323 dogma-

363 1332 452 1366 tibus
480 1332 692 1381 inexplorate
720 1348 759 1369 ac
786 1334 860 1369 sine
886 1335 957 1369 ullo
984 1335 1140 1370 examine
1166 1337 1413 1383 suffragantur.
1441 1335 1586 1371 Etenim
1612 1350 1778 1384 praeceps
1806 1344 1854 1370 est
1880 1336 2028 1379 malitia,

361 1393 614 1442 vehemensque
635 1394 678 1429 ad
699 1395 818 1443 peiora
841 1409 986 1438 cursus,
1009 1404 1042 1430 et
1062 1396 1246 1432 hominum
1265 1396 1536 1444 voluptariorum
1558 1396 1601 1431 ad
1626 1411 1679 1431 res
1704 1396 1900 1431 mundanas
1920 1397 2029 1432 multa

361 1453 564 1500 proclivitas,
592 1453 643 1489 Ex
664 1455 791 1503 quibus
813 1464 918 1490 aucto
940 1455 1020 1503 ipsis
1040 1457 1151 1500 malo,
1173 1458 1348 1505 propriam
1368 1457 1513 1492 salutem
1536 1456 1782 1504 prodiderunt,
1803 1465 1898 1505 peste
1921 1457 2029 1492 veluti

361 1515 511 1563 quadam
533 1525 566 1551 et
587 1517 732 1552 exitioso
753 1517 863 1552 animi
882 1519 1003 1552 morbo
1025 1518 1110 1566 ipsis
1131 1519 1332 1567 obrepente.
1353 1518 1447 1553 Hinc
1466 1519 1767 1567 incircumscripti
1786 1519 1952 1554 vocabulo
1975 1533 2030 1567 pa-

364 1576 602 1619 trocinantur,
624 1591 694 1626 quo
717 1576 905 1612 servatoris
930 1579 1041 1613 nostri
1064 1578 1215 1613 divinam
1235 1579 1510 1614 incarnationem
1535 1579 1654 1614 callide
1676 1578 1913 1627 malitioseque
1940 1592 2031 1613 ever-

361 1643 435 1670 tere
460 1636 618 1672 funditus
643 1637 843 1674 moliuntur.
872 1637 984 1686 quue
1010 1639 1218 1674 vocabulum
1242 1639 1444 1674 orthodoxis
1469 1648 1702 1688 opponentes,
1728 1648 1761 1674 et
1784 1648 1957 1687 tamquam
1982 1639 2032 1672 in-

362 1697 586 1744 expugnabile
610 1697 793 1732 mnnimen
819 1706 939 1733 contra
965 1712 1021 1733 eos
1045 1707 1240 1743 struentes,
1263 1699 1456 1747 superiores
1481 1714 1516 1734 se
1541 1700 1614 1734 sore
1639 1708 1796 1747 sperant,
1819 1699 1939 1747 quasi,
1960 1698 2030 1733 nisi

361 1757 467 1791 nostri
489 1757 525 1792 id
545 1757 748 1801 admittant,
769 1759 913 1794 unicam
935 1759 1063 1794 Christi
1084 1773 1271 1809 personam
1292 1760 1472 1807 adigantur
1494 1759 1656 1795 dividere.
1679 1759 1750 1795 Sed
1773 1760 1940 1808 quoniam
1959 1774 2032 1794 ver-

362 1816 481 1865 sipelle
502 1818 707 1868 variumque
729 1819 903 1855 mendacii
925 1819 1113 1856 artificium
1133 1829 1200 1864 est,
1223 1821 1389 1856 simulant
1410 1835 1445 1855 se
1466 1820 1744 1855 incarnationem
1764 1820 1941 1868 recipere,
1961 1834 2030 1854 ver·

361 1878 513 1914 botenus
539 1879 787 1923 subsistentes,
811 1880 892 1928 quia
919 1880 1144 1916 heterodoxos
1171 1881 1281 1916 videri
1307 1889 1491 1927 verentur3
1513 1895 1549 1915 re
1579 1889 1694 1915 tamen
1721 1895 1799 1915 vera
1827 1894 1901 1915 non
1930 1894 2031 1928 repu-

361 1938 459 1974 diant
484 1948 619 1975 tantum
633 1970 640 1984 ,
662 1941 721 1976 sed
746 1949 780 1976 et
805 1941 880 1976 illos
903 1942 964 1990 qui
987 1941 1199 1986 admittunt,
1223 1942 1376 1977 hostium
1400 1942 1477 1976 loco
1498 1942 1690 1984 habentes,
1712 1942 1837 1977 acerbe
1859 1941 2032 1990 repellunt

362 1999 525 2050 nullaque
554 2001 656 2036 venia
680 2002 882 2049 dignantur.

467 2062 497 2096 3.
527 2060 623 2108 Quid
646 2076 726 2110 ergo
749 2063 829 2098 heic
854 2062 1205 2099 animadvertendum
1233 2064 1414 2111 superest?
1438 2062 1556 2109 Quid,
1583 2063 1729 2112 inquam
1757 2063 1852 2098 aliud
1876 2062 1943 2097 nisi
1967 2063 2032 2098 hoc

363 2135 442 2156 vere
469 2131 503 2158 et
529 2123 679 2170 cogitare
703 2133 738 2160 et
759 2124 894 2167 (licere,
915 2124 1012 2173 quod
1038 2125 1154 2160 denuo
1176 2124 1335 2160 blanetis
1360 2125 1538 2173 charybdis
1560 2124 1626 2159 late
1648 2125 1744 2159 hians
1770 2124 1930 2159 adversus
1953 2138 2009 2159 eos
2024 2153 2032 2167 ,

364 2183 423 2230 qui
443 2183 477 2218 in
500 2184 632 2219 insania
652 2185 757 2220 huius
779 2185 902 2221 mundi
924 2185 1106 2234 navigant,
1126 2186 1248 2221 classes
1270 2186 1419 2233 integras
1440 2186 1633 2221 animarum
1652 2186 1758 2234 rapit,
1780 2185 2031 2234 mersasque·in

364 2244 569 2290 perditionis
595 2246 799 2281 barathrum
822 2246 942 2282 trahit!

466 2307 498 2351 4.
518 2306 670 2342 Arianae
690 2307 776 2343 item
797 2307 955 2342 flammae
976 2307 1165 2351 chimaera,
1184 2307 1285 2343 noxio
1306 2321 1369 2343 suo
1392 2307 1572 2342 animabus
1591 2307 1670 2355 igne
1693 2307 1933 2342 doctrinarum
1951 2307 2034 2342 irre-

363 2364 581 2412 ligiosarum,
603 2377 761 2404 mentem
780 2369 920 2404 illorum
938 2369 999 2417 qui
1021 2369 1205 2418 improviso
1224 2378 1257 2404 et
1278 2369 1419 2404 incaute
1440 2369 1602 2404 incidunt
1622 2369 1810 2403 amburens
1828 2368 2032 2416 pessumdat.

469 2427 499 2462 5.
528 2428 726 2464 Multorum
750 2430 876 2478 pariter
900 2430 1051 2478 capitum
1074 2430 1183 2478 hydra
1209 2430 1467 2478 Accpbalorum
1492 2438 1525 2464 et
1550 2431 1780 2464 confusaneae
1801 2429 2034 2477 Eutychiano-

366 2500 446 2522 rum
469 2487 521 2522 vel
544 2489 658 2536 potius
680 2489 1000 2526 Phantasiastarum
1023 2491 1312 2539 conspirationis,
1337 2491 1378 2525 ad
1405 2490 1589 2525 discidium
1612 2499 1718 2539 atque
1744 2490 1935 2538 perniciem
1960 2490 2034 2538 pul-

367 2548 449 2583 chre
475 2550 646 2596 compacti
673 2551 835 2586 ecclesiae
862 2552 1034 2600 corporis,
1060 2552 1290 2600 multiplicem
1314 2552 1520 2586 acerborum
1544 2551 1761 2598 geniminum
1784 2550 1935 2585 sobolem
1960 2550 2035 2599 pul-

365 2608 493 2646 lulavit.
521 2609 638 2658 Atque
661 2620 699 2645 ut
719 2612 873 2648 breviter
897 2614 1032 2649 (lictum
1059 2614 1123 2657 sit,
1146 2628 1186 2648 ex
1210 2613 1409 2648 manichaea
1433 2613 1547 2661 vipera
1562 2641 1570 2655 ,
1593 2621 1624 2647 et
1646 2612 1763 2647 ariana
1787 2612 1923 2660 aspide,
1945 2612 2034 2647 alius

366 2670 508 2718 quidam
528 2685 568 2706 ex
588 2671 712 2707 harum
735 2674 856 2721 copula
878 2684 977 2710 natus
999 2684 1049 2710 est
1068 2676 1185 2723 biceps
1207 2689 1363 2723 serpens3
1382 2675 1518 2722 qualem
1540 2675 1644 2709 etiarn
1662 2673 1961 2722 ily-psistariorum
1981 2675 2031 2721 (1)

367 2731 515 2779 spuriam
534 2732 866 2783 abomiiiandamque
888 2745 1017 2771 sectam
1039 2736 1216 2779 audimus,
1241 2750 1280 2770 ex
1301 2735 1442 2770 ethnica
1462 2735 1595 2770 fallacia
1616 2743 1651 2770 et
1670 2735 1867 2783 prodigioso
1888 2734 2034 2769 ludaeo-

446 2825 481 2855 (1)
500 2823 703 2851 Ilaereticorum
723 2829 809 2857 secta,
830 2825 875 2860 qui
895 2828 981 2853 Deum
1001 2827 1169 2854 allissimmn
1191 2828 1228 2854 ita
1247 2826 1387 2858 colebant,
1408 2830 1439 2853 ut
1458 2826 1664 2853 antio-initartos
1683 2834 1711 2853 se
1730 2834 1787 2854 esse
1806 2826 2032 2853 demonstrarent.

367 2867 406 2893 De
425 2866 466 2894 his
485 2867 549 2895 satis
568 2868 695 2896 Suicerus
713 2868 740 2895 in
761 2868 829 2896 thes.
851 2869 916 2896 eccl.
938 2870 1026 2898 citatis
1047 2871 1198 2907 Hesychio,
1218 2869 1315 2898 Suida,
1336 2871 1471 2906 Kys-seno,
1492 2879 1523 2897 ac
1541 2871 1719 2897 Nazianzeno.
