2203 3331
892 188 1135 215 ssimumnusis.
1792 176 1860 210 129

171 264 256 303 lem,
280 262 330 294 vel
352 260 495 302 superior
519 260 712 291 inferiorem.
737 257 808 290 Hoc
831 257 926 288 etiam
949 259 1095 288 caveatur
1111 279 1119 295 ,
1144 264 1183 286 ne
1204 255 1319 295 aliquis
1343 257 1428 286 extra
1451 252 1623 295 capitulum
1639 254 1791 295 loquatur
1808 254 1862 285 ali-

172 319 225 350 cui
248 317 286 349 de
309 315 409 356 culpis
432 316 496 346 sive
520 313 647 345 secretis
670 312 770 343 causis
793 320 874 352 quae
896 311 930 342 in
953 309 1093 350 capitulo
1117 311 1361 348 pertractantur.

237 372 274 401 F.
305 369 377 400 141.
405 369 432 399 b.
458 369 582 398 Fratres
604 366 721 407 egressi
744 365 783 396 dc
806 364 944 405 capitulo
958 388 967 403 ,
993 363 1033 394 ad
1057 362 1230 393 orationem
1253 362 1297 392 ire
1320 365 1453 402 possunt
1476 363 1508 392 in
1532 361 1694 392 ecclesiam
1723 369 1789 391 non
1812 370 1863 391 so-

171 425 236 456 lum
258 427 356 461 tunc,
381 421 436 453 sed
460 425 492 452 et
515 421 602 452 omni
631 424 773 460 tempore
796 417 961 457 lectionis,
985 420 1017 448 et
1040 415 1082 447 ad
1104 415 1210 446 omnia
1239 416 1425 446 intervalla:
1452 415 1508 447 ubi
1536 425 1601 446 non
1629 414 1778 453 sedeant,
1807 424 1864 445 nec

171 477 298 517 legant,
323 475 373 506 vel
396 475 515 506 librum
537 476 662 505 teneant
684 476 743 504 etc.
770 472 831 510 Qui
853 480 928 508 vero
951 470 985 500 in
1007 469 1144 500 claustro
1168 467 1327 507 sederint,
1357 469 1503 509 religiose
1531 478 1563 499 se
1585 467 1722 499 habeant
1750 467 1866 506 singuli

171 532 204 561 in
226 530 357 569 singulis
380 529 470 560 libris
492 531 553 559 ete.
578 528 687 567 Neque
710 526 885 566 inquietent
907 533 939 555 se
961 523 1097 553 invicem
1120 521 1233 552 fratres
1248 521 1280 551 in
1304 522 1542 561 quaestiouibus
1558 521 1727 560 faciendis,
1746 521 1803 551 nisi
1826 520 1864 551 de

173 582 338 624 productis
361 586 393 613 ct
415 582 568 623 correptis
592 580 774 611 accentibus
788 601 797 618 ,
823 581 854 609 et
877 577 916 608 de
939 576 1079 607 dictione
1104 584 1198 616 quam
1220 574 1324 614 legere
1346 576 1561 615 ignoraverint
1585 579 1645 606 etc.
1667 576 1697 605 Si
1716 576 1785 615 quis
1808 575 1865 605 ha-

172 636 278 668 buerit
302 637 465 677 caputium
486 636 519 666 in
543 634 647 674 capite
671 642 743 664 cum
766 631 900 671 legerit,
930 630 1034 661 taliter
1063 629 1200 668 habeat,
1225 631 1262 660 ut
1284 630 1384 668 possit
1414 629 1570 669 perpendi
1593 629 1618 659 si
1641 628 1777 660 dormiat
1803 632 1862 659 etc.

173 691 258 721 Dum
279 699 356 720 vero
380 688 562 726 ambulant,
594 686 755 717 humiliter
782 682 930 715 incedant
952 686 984 714 et
1011 682 1216 723 discooperto
1246 683 1367 722 capite,
1399 683 1612 723 supplicantes
1639 682 1775 712 invicem
1804 681 1864 712 ob-

176 743 305 774 viando.
325 742 419 781 Quod
435 741 461 772 si
479 740 587 772 abbati
610 738 830 777 obviaverint,
856 736 1014 768 divertant
1029 737 1106 766 sein
1123 738 1262 776 partem,
1281 736 1495 776 supplicantes
1513 736 1541 766 ei
1556 746 1562 765 τ
1584 745 1663 776 quae
1681 736 1867 776 supplicatio

176 796 297 836 ubique
319 795 376 826 fiat
398 797 485 825 extra
507 792 730 824 dormitorium
747 815 755 830 ,
780 791 926 831 quotiens
949 789 1057 820 abbati
1080 788 1130 820 vel
1152 789 1213 820 sibi
1235 789 1370 819 invicem
1386 789 1596 820 obviaverint.
1615 790 1645 819 Si
1666 789 1737 829 quis
1760 789 1866 829 aliquo

176 849 273 880 modo
296 848 424 879 fratrem
448 855 540 877 suum
555 844 828 883 scandalizaverit,
847 852 919 874 cum
943 852 1008 883 quo
1032 842 1122 882 loqui
1144 851 1209 873 non
1233 842 1314 873 solet
1327 865 1335 881 ,
1354 841 1438 872 dicat
1454 842 1575 882 priori3
1595 845 1627 873 ct
1646 843 1672 873 si
1690 843 1780 882 prior
1803 843 1869 872 ius·

138 892 143 894 ’
175 903 269 940 serit,
286 903 401 931 vocato
419 899 474 930 illo
486 923 493 937 ,
513 897 636 929 tamdiu
652 901 723 928 ante
742 896 837 937 pedes
854 899 1033 937 prostratus
1049 896 1168 934 iaceat,
1183 904 1247 935 qno
1264 904 1366 935 usque
1382 895 1435 926 ille
1449 895 1588 935 placatus
1602 896 1702 935 erigat
1718 904 1790 926 eum
1804 898 1864 926 etc.

245 955 282 985 F.
313 954 386 984 142.
414 953 442 983 b.
469 952 594 982 Mensae
617 951 717 982 lector
741 950 902 981 dominico
926 949 977 980 die
1000 952 1074 989 post
1095 949 1246 979 maiorem
1270 949 1416 988 missam,
1433 949 1586 979 inclinans
1600 958 1631 979 se
1647 952 1718 979 aute
1737 948 1869 987 gradum

176 1006 390 1049 presbyterii,
410 1005 495 1036 dieat
510 1008 581 1036 ter:
607 1006 746 1041 Domine,
775 1004 855 1034 labia
876 1013 941 1033 mea
963 1005 1095 1042 aperies,
1120 1005 1225 1033 totum
1247 1011 1373 1032 versum
1386 1026 1394 1042 ‚
1420 1005 1452 1032 et
1474 1005 1603 1042 accepta
1625 1001 1867 1043 benedictione„

177 1062 210 1090 et
231 1060 317 1091 facto
340 1062 411 1090 ante
434 1061 519 1089 retro
548 1060 573 1095 1)
599 1060 650 1087 eat
677 1057 709 1087 in
732 1055 937 1087 refectorium
959 1056 1100 1096 accipere
1121 1055 1254 1085 mixtum
1274 1064 1346 1085 cum
1369 1055 1437 1085 aliis
1466 1055 1684 1086 servitoribus.
1710 1056 1786 1086 Post
1809 1055 1869 1085 ho·-

176 1122 246 1144 ram
268 1121 344 1143 vero
368 1114 486 1142 sextam
500 1133 508 1148 ,
532 1110 623 1150 prior
645 1109 749 1150 puiset
772 1108 951 1150 cymbalum
973 1110 1006 1139 in
1030 1108 1167 1140 claustro
1191 1112 1252 1140 ete.
1279 1118 1344 1149 quo
1361 1108 1490 1148 audito,
1509 1112 1583 1139 eant
1597 1108 1638 1139 ad
1654 1109 1866 1148 lavatorium,

180 1168 212 1196 et
235 1164 350 1197 ablutis
371 1163 518 1195 manibus
541 1167 572 1194 et
595 1163 726 1194 detersis
739 1186 747 1202 ,
772 1163 890 1193 intrent
911 1161 1138 1202 refectorium,
1163 1166 1194 1193 et
1216 1163 1374 1193 venientes
1391 1165 1461 1193 ante
1474 1162 1563 1193 sedes
1579 1171 1649 1193 suas
1665 1162 1780 1193 faciant
1798 1166 1869 1193 ante

180 1221 212 1249 et
234 1221 319 1249 retro
333 1241 342 1256 ‚
366 1221 397 1248 et
419 1218 464 1248 sic
488 1219 570 1248 stent
594 1216 694 1247 donec
717 1216 808 1256 prior
829 1217 947 1247 veniat.
972 1216 1003 1247 Si
1026 1219 1131 1247 autem
1153 1217 1242 1257 prior
1265 1216 1320 1247 diu
1342 1219 1482 1247 moratus
1504 1215 1615 1255 fuerit,
1640 1219 1804 1255 assurgant
1826 1217 1866 1247 ei.

179 1272 219 1303 Et
241 1272 330 1312 prior
352 1271 436 1302 facto
460 1274 530 1301 ante
549 1273 635 1301 retro
659 1273 731 1301 ante
754 1270 860 1301 sedem
883 1279 970 1301 suam
983 1293 992 1308 ‚
1019 1270 1124 1310 pulset
1148 1279 1331 1310 campanam
1355 1272 1416 1300 etc.
1441 1271 1553 1301 Statim
1575 1269 1676 1301 lector
1700 1273 1785 1310 petat
1808 1270 1867 1301 he-

179 1324 416 1363 nedictionem,
442 1327 473 1354 et
501 1324 626 1354 interim
652 1323 764 1354 fratres
792 1322 1010 1362 ingrediantur
1039 1332 1172 1354 mensas.
1204 1324 1334 1364 Incepta
1360 1332 1435 1363 ergo
1465 1323 1601 1354 lectione
1617 1348 1625 1363 ,
1655 1323 1769 1355 fratres
1803 1324 1869 1356 dis-

180 1378 366 1417 cooperiant
396 1386 511 1417 panes,
543 1376 651 1416 priore
681 1379 783 1406 tamen
809 1375 871 1406 hoe
898 1376 1032 1407 faciente
1060 1377 1160 1416 prius.
1191 1376 1276 1406 Dum
1303 1379 1407 1407 autem
1434 1376 1535 1407 lector
1558 1377 1652 1416 legit,
1685 1387 1793 1408 aurern
1816 1387 1870 1409 ac-

181 1429 365 1460 commodat
396 1430 518 1469 priori,
549 1432 585 1460 ut
615 1430 640 1459 si
672 1429 801 1469 quando
834 1437 906 1460 enm
939 1428 1173 1468 emendaverit,
1207 1429 1381 1469 intelligere
1415 1430 1527 1470 possit.
1559 1430 1588 1460 Si
1618 1430 1765 1469 intelligit
1796 1430 1875 1471 quid

181 1481 346 1521 emendet,
371 1482 534 1513 humiliter
558 1482 664 1520 dicat3
690 1483 715 1512 si
739 1491 804 1512 non
827 1481 977 1521 intelligit
991 1505 1000 1521 ,
1024 1491 1150 1513 versum
1170 1483 1356 1523 reincipiat3
1381 1486 1411 1513 et
1432 1483 1493 1514 hoc
1516 1483 1634 1514 totiens
1657 1484 1771 1523 faeiat,
1794 1493 1875 1525 quo-

181 1536 261 1566 tiens
287 1535 428 1576 priorem
458 1538 591 1575 propter
621 1535 683 1566 hoc
713 1534 896 1574 esgrundire
928 1535 956 1573 2)
981 1535 1178 1574 cognoverit.
1210 1535 1330 1567 Exhinc
1358 1535 1463 1566 nullus
1494 1539 1582 1567 exeat
1611 1536 1650 1567 de
1680 1536 1848 1568 refectorio
1865 1561 1874 1575 ,

182 1588 287 1619 nullus
315 1589 410 1619 etiam
444 1587 570 1618 incedat
606 1587 825 1626 comedendo,
859 1587 964 1619 nullus
999 1587 1106 1619 abluat
1141 1588 1186 1619 ibi
1213 1588 1391 1628 scyphum,
1422 1588 1476 1619 sed
1504 1589 1595 1620 liniat
1629 1590 1686 1630 qui
1716 1590 1872 1621 voluerit:

182 1641 287 1672 nullus
320 1644 424 1681 tergat
454 1650 565 1671 manus
595 1641 646 1671 vel
675 1641 838 1672 cultellum
867 1640 907 1672 ad
939 1641 1120 1681 mappulam
1144 1642 1197 1680 3),
1228 1641 1287 1672 nisi
1317 1642 1404 1681 prius
1434 1651 1505 1672 eum
1537 1651 1617 1682 pane
1647 1644 1783 1674 terserit.
1816 1643 1876 1681 Qui

182 1695 318 1726 voluerit
343 1695 503 1735 accipere,
529 1703 601 1724 cum
625 1694 753 1725 cultello
778 1694 919 1734 accipiat.
947 1695 1008 1732 Qui
1030 1687 1129 1733 bibit,
1155 1704 1227 1725 cum
1251 1694 1374 1726 duabus
1398 1696 1542 1726 manibus
1573 1699 1677 1727 teneat
1706 1697 1874 1737 scyphum.

184 1749 214 1779 Si
238 1748 310 1788 quis
332 1747 447 1779 viderit
469 1748 519 1778 alii
542 1748 649 1779 deesse
672 1748 759 1788 quod
784 1748 899 1779 habere
924 1747 1056 1786 debeat,
1081 1748 1220 1788 inquirat
1243 1758 1261 1779 a
1285 1758 1390 1789 coquo
1415 1749 1464 1779 vel
1489 1759 1506 1780 a
1521 1749 1660 1780 cellario.
1683 1749 1743 1788 Qui
1756 1750 1877 1791 aliquid

184 1801 342 1842 apponit,
369 1804 400 1832 et
423 1802 473 1832 cui
496 1802 670 1841 apponitur
688 1824 696 1839 ,
720 1801 855 1832 invicem
879 1801 936 1831 sibi
960 1801 1123 1832 inclinent.
1149 1801 1205 1832 Cui
1229 1804 1334 1832 autem
1357 1802 1447 1842 prior
1470 1802 1589 1842 aliquid
1619 1804 1757 1843 miserit,
1788 1803 1878 1844 prius

184 1855 314 1886 inclinet
344 1855 519 1893 deferenti,
552 1854 665 1885 (leinde
695 1863 861 1894 assurgens
884 1855 1027 1885 humiliet
1050 1864 1081 1885 se
1110 1864 1221 1885 versus
1250 1855 1403 1895 priorem.
1428 1856 1473 1886 De
1501 1856 1573 1886 cibo
1604 1858 1761 1887 communi
1784 1867 1876 1888 nemo

184 1908 306 1939 dividat
329 1908 436 1938 alicui.
462 1907 556 1945 Quod
579 1908 657 1938 sicui
681 1907 802 1947 aliquid
825 1907 1063 1947 superadditum
1086 1907 1181 1938 fuerit
1195 1930 1203 1945 ,
1228 1908 1288 1938 nisi
1305 1917 1363 1947 pro
1387 1908 1562 1939 munitione
1585 1909 1634 1939 vel
1651 1909 1830 1941 infirmitate
1848 1911 1877 1940 ei

185 1962 295 1993 datum
318 1962 414 1992 fuerit
437 1970 456 1991 a
478 1960 602 1991 cellario
618 1984 626 1999 ,
651 1964 773 1991 tantum
797 1964 902 2000 potest
925 1960 1000 1991 dare
1023 1961 1109 1991 iuxta
1132 1961 1251 1991 sedenti
1274 1960 1312 1991 ad
1337 1961 1496 1992 dexteram
1518 1966 1548 1992 et
1569 1962 1606 1993 ad
1631 1963 1789 1993 sinistram
1814 1966 1874 1994 etc.

184 2015 366 2045 Refectorio
391 2016 500 2044 exeant
523 2013 591 2044 bini
614 2017 645 2044 et
667 2013 732 2044 bini
757 2017 883 2052 euntes,
908 2013 1084 2044 iunioribus
1107 2014 1223 2044 seilicet
1246 2014 1491 2054 praeeuntibus,
1516 2015 1559 2046 ita
1582 2019 1687 2046 tamen
1710 2019 1745 2046 ut
1766 2016 1875 2056 prior,

186 2067 236 2098 vel
259 2068 396 2108 quilibet
420 2070 610 2098 conventum
633 2070 744 2097 tenens
767 2067 853 2098 solus
877 2076 931 2097 eos
946 2090 954 2105 ‚
979 2067 1012 2097 in
1035 2067 1140 2098 medio
1165 2068 1328 2108 utriusque
1346 2068 1454 2107 chori,
1474 2072 1634 2109 sequatur.
1661 2069 1692 2099 Si
1709 2068 1805 2099 abbas
1820 2069 1878 2099 ali-

188 2120 260 2159 quis
282 2120 419 2150 adsuerit
435 2143 443 2159 ,
469 2124 519 2151 eat
542 2122 631 2160 prior
654 2121 686 2151 in
711 2120 822 2151 ordine
846 2130 903 2151 suo
928 2130 1000 2151 cum
1023 2122 1111 2152 socio
1129 2144 1137 2160 ,
1162 2121 1259 2152 abbas
1283 2124 1387 2152 autem
1409 2121 1505 2153 solus.
1531 2123 1562 2153 Si
1580 2122 1643 2153 duo
1661 2121 1789 2153 abbates
1806 2123 1877 2154 fue-

188 2172 253 2203 rint
267 2196 276 2212 ,
302 2176 375 2203 eant
392 2163 492 2204 'simul
516 2176 577 2204 etc.

255 2226 291 2255 F.
323 2226 395 2255 144.
424 2226 452 2255 b.
480 2226 598 2256 Audito
623 2227 714 2266 signo
737 2227 770 2257 in
794 2227 921 2258 ecclesia
944 2227 984 2258 ad
1007 2227 1101 2259 horas
1123 2229 1303 2268 regulares,
1327 2229 1433 2259 statim
1450 2229 1562 2260 fratres
1579 2230 1787 2260 intermittant
1800 2239 1878 2270 qua-

188 2278 355 2318 lecumque
379 2287 460 2318 opus
484 2278 653 2309 habuerint
676 2288 753 2320 prae
783 2280 947 2311 manibus:
978 2281 1070 2312 etiarn
1098 2283 1234 2322 scriptor
1261 2292 1325 2313 non
1355 2282 1499 2322 perficiat
1530 2283 1663 2313 litteram
1691 2291 1801 2321 suam,
1826 2282 1879 2312 sed

189 2331 408 2370 imperfectam
431 2340 498 2362 eam
525 2331 661 2362 dimittat
686 2336 746 2363 etc.

254 2384 291 2413 F.
322 2385 394 2414 145.
422 2385 449 2414 b.
477 2384 612 2415 Caveant
636 2388 740 2415 autem
767 2386 822 2425 qui
846 2385 885 2416 de
909 2387 1009 2417 choro
1033 2387 1256 2427 egrediuntur,
1282 2398 1320 2419 ne
1344 2389 1414 2429 plus
1436 2389 1514 2419 foris
1532 2398 1626 2429 quam
1647 2388 1727 2419 duos
1744 2389 1880 2429 psalmos

188 2440 376 2475 morentur,
403 2440 434 2467 et
457 2446 495 2468 ne
520 2438 652 2477 amplius
676 2448 772 2478 quam
797 2439 860 2470 dno
885 2441 970 2471 iuxta
993 2450 1025 2471 se
1049 2444 1166 2472 stantes
1189 2442 1281 2472 simul
1305 2445 1427 2473 exeant.
1453 2443 1567 2473 Omnes
1591 2443 1740 2473 interesse
1764 2442 1880 2471 dehent

190 2490 386 2521 orationibus
410 2500 489 2531 quae
512 2491 593 2522 fiunt
616 2495 686 2522 ante
709 2492 867 2531 regulares
891 2493 984 2524 horas
999 2517 1007 2533 ,
1033 2495 1149 2534 quibus
1172 2494 1288 2526 dicitur
1304 2499 1394 2535 pater
1412 2499 1539 2535 noster,
1558 2499 1589 2526 et
1607 2495 1701 2526 credo
1717 2496 1749 2525 in
1765 2496 1875 2525 Deum.

189 2543 250 2574 Sed
266 2553 325 2574 nec
340 2545 454 2585 aliquis
471 2545 626 2585 excipitur
643 2545 682 2575 ab
701 2545 764 2576 illis
783 2547 980 2588 orationibus
994 2570 1002 2585 ,
1022 2557 1101 2587 quae
1118 2547 1199 2578 fiunt
1216 2548 1255 2579 ad
1271 2552 1419 2588 utrasque
1436 2558 1581 2589 vesperas
1598 2550 1629 2579 in
1646 2549 1820 2588 praecipuis
1835 2548 1880 2578 fe-

189 2596 392 2628 stivitatibus.
406 2597 516 2628 Nullus
531 2598 563 2628 in
576 2598 692 2629 lectum
708 2599 854 2647 ascendat
868 2590 986 2638 rectus,
1002 2600 1055 2631 sed
1070 2600 1108 2631 de
1120 2601 1243 2641 sponda
1256 2601 1391 2632 divertat
1405 2601 1500 2642 pedes
1516 2602 1549 2632 in
1563 2602 1665 2642 ipsum
1682 2602 1796 2631 lectum
1816 2605 1876 2632 etc.

245 2663 269 2692 i)
288 2663 362 2688 Ante
380 2664 409 2688 et
426 2663 520 2695 retro,
532 2662 619 2689 forma
632 2663 752 2698 corporis
774 2664 926 2691 inclinandi
946 2665 1018 2700 apud
1039 2665 1187 2692 monachos
1201 2665 1316 2699 usitata,
1336 2666 1427 2701 inquit
1447 2665 1581 2700 Cangius,
1599 2666 1703 2692 scilieet
1722 2674 1778 2692 non
1798 2666 1879 2692 dorso

193 2708 303 2731 arcuato
316 2726 322 2735 ,
346 2705 393 2733 sed
416 2706 454 2733 ita
476 2711 508 2733 ut
526 2706 640 2734 dorsum
662 2708 697 2734 sit
718 2708 883 2736 submissius
903 2717 987 2743 quam
1009 2709 1120 2742 lumbi,
1141 2713 1168 2736 et
1186 2715 1268 2745 caput
1290 2710 1456 2738 submissius
1476 2718 1560 2746 quam
1581 2710 1706 2737 dorsum.

242 2750 268 2779 2)
287 2748 408 2783 Cangius
428 2758 487 2777 voc.
509 2753 668 2786 esyrinnire
697 2752 764 2778 citat
787 2752 861 2780 hunc
881 2752 971 2788 ipsum
991 2753 1103 2786 locum,
1126 2753 1173 2780 sed
1195 2762 1225 2781 ex
1247 2754 1340 2790 regula
1364 2763 1414 2782 ms.
1436 2755 1464 2781 S.
1480 2755 1597 2781 Victoris
1617 2754 1782 2788 parisiensis.
1806 2754 1879 2780 Vati-

193 2797 280 2818 canus
299 2796 392 2820 tamen
411 2794 495 2822 codex
511 2795 591 2823 nullo
614 2795 695 2823 modo
717 2797 835 2831 pertinet
850 2796 886 2824 ad
906 2798 933 2824 S.
956 2798 1074 2824 Victoris
1093 2798 1291 2826 monasterium
1304 2819 1311 2831 ‚
1332 2798 1380 2827 sed
1401 2798 1435 2826 ad
1456 2798 1641 2826 Salmuriense
1658 2798 1746 2825 sancti
1769 2798 1880 2825 Floren-

194 2834 241 2867 tii,
264 2836 343 2863 cuius
360 2837 471 2872 vigilia,
495 2839 615 2873 festum,
634 2845 661 2867 et
679 2842 919 2876 commemoratio,
939 2841 1040 2870 ibidem
1064 2842 1235 2870 scribuntur.

244 2882 269 2911 3)
289 2880 329 2907 De
350 2881 479 2917 mappula
498 2884 651 2913 Martenjus
670 2885 776 2913 Comm.
802 2893 828 2921 p.
855 2888 915 2913 724.

1770 2937 1803 2962 17

1928 1048 1983 1074 fleg.
1994 1047 2016 1068 S.
2026 1046 2107 1068 Bened.

1902 1079 1950 1101 eap.
1966 1077 1998 1096 33.
