2203 3331
173 635 210 655 1:12
226 641 247 661 Ῑι.
263 637 295 655 nt.

768 260 1234 303 ANTIRRHETICUS
1267 258 1569 302 SECUNDUS

648 377 820 404 mcxmr
848 378 1050 405 SECUNDA
1082 378 1302 405 ΜΑΜΟΝΑΕ
1332 376 1686 404 INTERROGATIO.

963 491 1380 505 ——Qb—

443 632 469 653 1.
499 573 729 667 Postquam
749 619 936 654 Mamonas
957 619 1117 661 absolvit,
1140 629 1180 654 ut
1202 619 1266 667 ipsi
1288 619 1494 661 videbatur,
1515 617 1662 666 primam
1682 618 2006 666 interrogationem,

332 679 382 714 vel
405 680 607 715 mandatum
628 680 741 728 potius
755 709 762 722 ‚
783 694 854 728 quo
877 679 1051 728 propriam
1074 694 1192 714 revera
1214 679 1491 728 praepotentiam
1518 679 1691 725 ostendit3
1714 693 1793 714 mox
1813 693 2007 716 sermonem

333 753 436 775 suum
462 740 504 775 ad
532 740 674 775 alteram
697 741 858 775 transfert
882 739 1196 786 interrogationem.
1225 739 1350 789 Aeque
1381 740 1486 787 igitur
1507 754 1545 774 ac
1567 739 1602 774 in
1624 739 1915 788 praecedentibus
1936 741 2007 776 bal-

332 801 472 836 butiens
499 810 534 837 et
561 802 788 849 obstrepenS,
811 810 916 849 atque
946 800 981 834 in
1010 800 1132 835 eodem
1160 810 1368 848 argumento
1397 815 1554 848 nugans,
1576 801 1699 836 insane
1728 801 1882 847 laborat3
1904 801 2006 836 cuius

331 862 503 897 nonnulla
529 862 631 897 verba
654 862 687 896 in
711 861 863 896 medium
884 861 1036 909 proferre
1057 874 1210 908 aequum
1232 861 1485 908 iudicavimusg
1510 870 1550 896 ut
1569 861 1654 896 hinc
1676 875 1816 910 quoque
1842 875 2005 908 arrogans

331 923 402 957 eius
420 923 678 971 superbumque
698 921 882 967 ingenium
900 928 1058 969 patescat.
1082 920 1144 956 Sic
1164 935 1242 968 ergo
1263 921 1431 970 loquitur.
1457 926 1504 965 <719
1528 922 1699 957 Volumus
1718 930 1835 957 autem
1857 931 1892 957 et
1911 922 2007 956 aliud

335 987 381 1025 ‹tl-‘³
415 983 606 1031 capitulum
628 996 645 1017 a
667 982 759 1017 vobis
782 981 966 1026 sciscitari3
987 981 1069 1029 quia
1091 981 1345 1024 existimamus,
1366 995 1448 1017 eum
1469 983 1530 1030 qui
1551 983 1643 1017 hanc
1666 982 1797 1017 Christi
1818 981 2006 1029 imaginem

334 1050 381 1089 σς)
411 1044 513 1086 fecit,
535 1043 576 1077 (le
597 1057 664 1091 qua
687 1055 887 1076 sermonem
908 1041 1158 1076 commovimus
1172 1069 1179 1083 ,
1201 1041 1296 1076 haud
1320 1050 1512 1090 penetrasse
1537 1043 1571 1077 in
1592 1043 1816 1078 altitudinem
1840 1042 2007 1090 dogmatis

335 1112 381 1149 ρ
413 1104 618 1138 inconfusae
641 1103 794 1138 duarum
818 1101 951 1136 Christi
973 1110 1176 1136 naturarum
1204 1102 1355 1138 unionis.
1388 1109 1435 1147 <P
1468 1101 1662 1138 Cuiusnam
1681 1104 1766 1138 haec
1787 1103 2005 1150 arrogantiae

330 1164 576 1205 iactantiaeoe,
604 1163 710 1197 immo
738 1176 816 1196 vero
845 1162 1000 1196 iusanIae
1028 1170 1130 1209 atque
1160 1162 1314 1210 stuporis
1342 1162 1430 1196 fines
1459 1176 1532 1196 non
1560 1164 1748 1210 superant?
1774 1162 1934 1211 Namque
1963 1163 2006 1197 ob

329 1223 473 1258 multam
500 1223 684 1258 stultitiam
711 1236 810 1258 suam
837 1222 929 1257 solus
958 1223 1031 1270 ipse
1061 1222 1223 1270 opinatur
1240 1251 1247 1265 ,
1275 1236 1347 1257 non
1377 1223 1413 1257 in
1442 1223 1588 1258 tertium
1615 1223 1860 1258 tantummodo
1886 1236 2007 1258 verum

330 1283 431 1317 etiam
452 1284 486 1318 in
509 1291 672 1331 quartum
695 1283 828 1318 caelum
849 1297 883 1318 se
904 1291 1060 1330 raptum,
1083 1290 1115 1317 et
1143 1282 1372 1318 ineffabiliora
1393 1296 1498 1332 quam
1520 1282 1670 1319 Paulum
1691 1284 1794 1318 verba
1814 1283 1985 1318 audivisse
1999 1311 2006 1324 ‚

329 1353 362 1378 ct
390 1352 542 1378 mentem
568 1343 638 1378 Dei
663 1344 840 1391 attigisse,
862 1352 965 1391 atque
993 1357 1135 1378 omnem
1165 1351 1359 1379 creaturam
1382 1352 1674 1392 praetervectum,
1699 1344 1742 1379 iis
1771 1344 1874 1379 rebus
1901 1343 2007 1378 fuisse

329 1404 525 1448 initiatum,
545 1419 629 1454 quas
651 1418 753 1439 nemo
771 1418 935 1452 umquam
956 1404 1089 1439 didicit.
1109 1403 1200 1450 Quis
1220 1413 1333 1439 tantae
1354 1404 1593 1453 impudentiae
1614 1405 1796 1440 cumulum
1813 1418 1886 1439 non
1905 1404 2008 1438 mira-

329 1465 445 1501 bitur?
468 1464 563 1501 Sileo
585 1479 683 1500 nunc
705 1465 748 1500 de
771 1465 931 1513 apostolis
953 1465 1098 1514 aliisque
1117 1465 1280 1500 ecclesiae
1299 1465 1489 1511 magistris,
1509 1480 1597 1514 quos
1618 1466 1675 1500 hic
1698 1465 1867 1500 conviciis
1888 1464 2007 1500 multis

329 1525 480 1573 adpetit,
504 1539 694 1573 eorumque
717 1525 874 1572 dogmata
896 1525 1127 1574 proscindere
1147 1539 1187 1560 ac
1208 1525 1323 1560 delere
1347 1539 1421 1560 non
1444 1526 1593 1569 desinit,
1612 1526 1738 1574 partim
1758 1526 1801 1560 ob
1822 1538 2007 1573 corporum

328 1599 416 1633 quae
444 1586 532 1634 passi
560 1594 641 1620 sunt
668 1585 898 1628 detrimenta,
919 1586 1043 1634 partim
1073 1586 1176 1620 etiam
1203 1586 1246 1620 ob
1276 1586 1494 1621 infirmitates
1522 1586 1688 1621 deridens
1716 1600 1756 1621 ae
1783 1585 2006 1620 maledicens.

331 1646 377 1680 At
406 1646 545 1681 illorum
572 1646 693 1681 saltem
721 1646 782 1694 qui
809 1645 845 1680 in
876 1646 981 1693 regali
1010 1646 1132 1681 throno
1160 1646 1352 1689 fulserunt,
1376 1655 1410 1681 et
1436 1647 1564 1695 pietate
1586 1660 1625 1681 ac
1649 1646 1779 1681 iustitia
1803 1646 1915 1681 ornati
1936 1646 2009 1680 fue-

328 1715 432 1749 runt,
454 1707 628 1756 quomodo
650 1721 764 1742 mores
784 1721 854 1741 non
875 1715 1050 1742 reveretur
1071 1707 1339 1756 divinarumque
1363 1721 1481 1742 rerum
1504 1708 1688 1743 studium?
1709 1707 1872 1755 Namque
1893 1707 1929 1741 lii
1950 1706 2008 1741 do-

328 1769 433 1803 nariis
462 1770 633 1818 sacrisque
661 1768 812 1804 delubris
834 1768 954 1804 Deum
976 1769 1216 1812 honorabant,
1240 1778 1273 1804 et
1300 1769 1436 1804 nedum
1463 1783 1641 1804 sacrarum
1668 1769 1936 1817 inscriptionum
1958 1781 2008 1801 or-

328 1838 449 1864 natum
476 1831 672 1872 auferrent,
694 1830 752 1864 sed
783 1831 962 1865 struebant
990 1830 1112 1873 ellam,
1136 1839 1171 1864 et
1198 1839 1361 1865 accurato
1384 1838 1659 1878 sumptuosoque
1684 1830 1829 1864 artificio
1852 1829 1927 1863 sieri
1948 1843 2007 1863 cu·

327 1891 449 1925 rabant
477 1890 619 1925 donaria
648 1890 848 1925 huiusmodi
877 1890 912 1924 in
943 1891 1098 1937 augustis
1126 1891 1264 1939 teinplis
1293 1891 1471 1939 sacrisque
1499 1891 1587 1925 vasis
1616 1899 1719 1938 atque
1750 1889 1895 1924 texturis
1927 1890 2005 1936 (i);

327 1950 558 1997 apostolorum
577 1959 785 1999 patrumque
815 1951 1036 1986 traditionem
1058 1965 1174 1999 presse
1197 1959 1408 2000 sequentesg
1430 1964 1578 1999 quarum
1605 1964 1726 1985 rerum
1754 1950 1892 1984 infinita
1920 1949 2009 1983 mul-

327 2011 440 2046 titudo
465 2012 507 2046 ad
531 2012 628 2047 hunc
649 2026 757 2060 usque
785 2011 879 2046 diem
902 2012 1061 2046 omnium
1090 2012 1203 2046 oculis
1225 2021 1273 2046 est
1302 2012 1476 2059 exposita3
1500 2011 1564 2046 illis
1591 2012 1734 2060 quidem
1759 2011 1889 2059 pietatis
1913 2009 2008 2044 testi-

328 2071 486 2106 monium
504 2100 512 2115 ,
541 2072 623 2107 huic
651 2081 766 2106 autem
794 2072 1002 2120 vituperatio
1031 2081 1063 2107 et
1090 2072 1231 2120 publica
1261 2072 1468 2107 temeritatis
1497 2081 1602 2120 atque
1636 2071 1825 2119 impietatis
1855 2071 2005 2106 infamia.

328 2130 492 2175 Quorum
513 2132 607 2167 enim
629 2146 743 2167 mores
765 2141 799 2167 et
820 2146 942 2181 puram
962 2133 1069 2167 fidem
1089 2142 1195 2181 atque
1218 2133 1386 2180 pietatem
1408 2132 1536 2167 imitari
1558 2132 1747 2174 debuerat,
1765 2131 1820 2166 his
1842 2132 2006 2166 omnibus

328 2192 568 2239 sapientiorem
591 2207 627 2228 se
649 2193 824 2241 magisque
849 2194 1085 2241 perspicacem
1106 2207 1180 2228 esse
1202 2193 1365 2240 gloriatus
1387 2202 1459 2235 est,
1483 2193 1550 2228 suis
1573 2207 1709 2241 semper
1730 2193 1926 2240 obsequens
1950 2206 2007 2227 cu·

327 2252 537 2299 piditatibus.
560 2252 697 2300 Ergone
720 2253 769 2287 illi
792 2253 827 2287 in
849 2254 1017 2300 dogmatis
1039 2253 1259 2288 altitudinem
1279 2268 1351 2289 non
1372 2262 1623 2302 penetrarunt,
1643 2253 1705 2302 qui
1726 2253 1821 2287 omni
1842 2261 1922 2287 actu
1942 2266 2005 2287 suo

328 2312 494 2347 ecclcsiae
522 2314 720 2360 magistros,
747 2322 822 2349 tum
850 2314 1064 2362 antiquiores
1092 2324 1169 2350 tum
1197 2315 1301 2349 etiam
1329 2315 1604 2363 contemporales
1633 2315 1878 2356 sectabantur,
1907 2314 2005 2348 bunc

328 2381 443 2407 autem
464 2373 572 2408 solnm
595 2388 674 2408 suae
696 2375 922 2423 purissimum
949 2384 1181 2424 sanctumque
1204 2376 1290 2410 vitae
1316 2389 1427 2422 genus
1450 2376 1492 2410 ad
1515 2375 1693 2424 penetrale
1723 2374 2004 2409 inscrutabilium

332 2432 398 2468 Dei
418 2434 661 2482 mysteriorum
683 2436 850 2471 accedere
872 2437 978 2472 fecit?
1007 2436 1117 2471 Immo
1144 2451 1222 2472 vero
1244 2437 1270 2471 is
1292 2451 1327 2471 se
1350 2437 1466 2485 ipsum
1492 2437 1572 2472 heic
1601 2450 1743 2485 quoque
1771 2435 1905 2484 prodit,
1931 2444 2005 2471 tum

328 2494 393 2528 illis
423 2503 497 2529 tum
525 2495 658 2530 veritati
688 2497 867 2532 manifeste
897 2498 932 2532 in
962 2498 1103 2532 cunctis
1131 2498 1313 2533 adversari.
1921 2490 1924 2497 ¹

432 2569 463 2590 2.
492 2555 562 2590 Sed
589 2556 649 2604 qui
671 2556 707 2591 in
728 2558 909 2593 infinitum
930 2573 964 2593 se
986 2558 1110 2602 iactat,
1133 2568 1166 2593 et
1187 2560 1359 2595 humanos
1379 2560 1452 2595 vult
1475 2558 1643 2594 excedere
1671 2557 1839 2593 terminos
1866 2567 1938 2593 tum
1959 2558 2005 2593 lo—

328 2615 459 2663 quendi
486 2625 561 2651 tum
586 2617 688 2651 etiam
708 2618 862 2660 sciendi,
884 2619 976 2654 idem
998 2620 1034 2654 in
1058 2620 1099 2654 iis
1119 2634 1207 2669 quae
1229 2621 1393 2656 omnibus
1422 2619 1595 2655 evidentia
1625 2627 1728 2662 sunt,
1750 2618 1932 2653 addubitat
1953 2619 2003 2653 di-

407 2739 441 2767 (1)
462 2739 528 2765 Puta
548 2738 719 2765 Constantini
740 2740 829 2773 inas-&ni
851 2744 890 2767 tot
909 2748 983 2768 sacra
1003 2741 1126 2769 aedificia
1145 2751 1176 2769 ac
1195 2742 1308 2769 donaria
1326 2743 1486 2774 innumera,
1501 2749 1570 2777 qnae
1589 2741 1696 2776 copiose
1712 2741 1807 2768 scribit.
1822 2746 1916 2768 auctor
1935 2741 2003 2768 vita-

328 2788 388 2806 rum
405 2782 568 2809 Pontificum
584 2791 668 2814 rom.;
685 2791 718 2809 ne
737 2787 777 2809 tot
795 2785 967 2819 sequentium
987 2786 1135 2813 occidentis
1154 2787 1321 2821 orientisque
1336 2788 1482 2813 Caesarum
1504 2786 1716 2813 christianorum
1738 2787 1839 2813 mentio
1859 2786 1919 2815 liat:
1935 2794 2005 2821 quor.

330 2824 399 2851 inter
418 2830 507 2853 tamen
528 2827 633 2854 reticeri
656 2828 751 2863 nequit
770 2828 938 2855 Iustinianus
961 2831 1008 2864 qui
1032 2832 1059 2857 S
1080 2831 1195 2866 Sophiae
1220 2831 1352 2865 templum
1374 2830 1457 2858 totius
1478 2831 1591 2857 orientis
1617 2831 1764 2858 niaximum
1789 2830 1940 2858 aedificarit
1963 2830 2005 2857 ieL

331 2869 419 2902 potius
439 2871 610 2905 instauravit,
632 2876 658 2900 et
676 2880 711 2900 ss.
734 2872 898 2908 imaginibus
919 2875 1023 2903 musivo
1043 2883 1122 2911 opere
1141 2880 1229 2903 totuin
1249 2874 1415 2903 convestivit.
