2203 3331
71 1450 76 1455 ¹
89 1447 150 1467 flio-r.
161 1446 235 1467 xtnr.
247 1450 275 1466 115.

140 2539 177 2557 (ir.
194 2542 214 2560 ΙΙ.
234 2541 276 2559 127.

315 158 379 191 1:52
854 166 881 188 s.
909 166 1081 190 §wernoni
1109 169 1363 192 .xxr11‹n11iz·1·1e[·s
1392 169 1441 192 ιη.

312 232 343 257 et
366 222 580 258 detestandis
605 222 756 256 convicti
778 222 946 270 suerunt;
967 224 1021 258 vel
1042 224 1123 272 quia
1146 225 1213 259 iam
1235 233 1347 259 aetate
1371 225 1504 260 exoleta
1525 225 1678 260 militare
1699 237 1900 275 nequeunt,
1922 229 2001 265 allio

313 284 484 318 exereitus
510 291 591 316 sunt
617 284 804 330 expuncti,
830 292 865 319 et
888 285 930 319 al)
956 286 1058 320 armis
1083 300 1219 320 cessare
1245 286 1338 321 iussi.

417 343 474 378 (515.
505 341 599 388 Quia
625 356 704 377 vero
728 352 761 377 et
782 343 903 391 lingua
926 354 960 380 ct
981 360 1085 394 opere
1108 355 1193 380 sunt
1217 347 1394 394 corrupti,
1417 347 1658 394 praesentibus
1680 355 1815 384 tantum
1837 349 1997 393 inhiant,

315 403 410 437 carni
440 403 571 445 dediti,
593 404 794 452 ventrisque
817 406 1012 454 mancipia,
1035 406 1206 455 Deusque
1229 407 1294 441 illis
1315 415 1436 442 venter
1460 416 1530 449 est,
1554 417 1658 456 atque
1684 408 1770 444 haec
1798 411 2002 454 mundana,

314 473 348 499 vt
376 478 619 512 quaecumque
649 479 708 513 per
737 466 927 513 ingluviem
948 467 984 501 in
1007 477 1166 502 ventrem
1196 477 1405 511 transeunt,
1429 482 1596 503 summam
1619 483 1693 504 esse
1714 470 1919 506 felicitatem
1944 472 2001 506 de-

312 525 466 570 liniuutg
492 525 657 573 nullaque
684 527 720 561 in
743 541 780 561 re
802 528 944 562 meliore
973 542 1069 576 spem
1097 529 1276 575 deligunt,
1300 529 1387 563 nihil
1418 530 1541 565 celsius
1563 538 1623 564 aut
1645 530 1769 565 utilius
1791 541 2000 579 spectantes.

242 603 273 617 w.
311 584 441 619 Divino
469 594 587 620 autem
616 587 752 621 iudicio
776 588 811 622 iu
835 597 981 634 egestate
1010 599 1212 632 versantur,
1237 590 1428 638 multisque
1457 589 1627 636 augustiis
1653 599 1884 638 premuntur,
1906 607 2001 640 prae-

312 645 431 680 sertim
460 655 643 694 postquam
672 648 765 694 regia
793 649 967 697 stipendia
998 662 1054 683 eos
1083 650 1341 693 destituerunt,
1365 651 1558 698 exquibus
1586 650 1721 685 victum
1743 652 1779 685 in
1802 653 1906 687 armis
1927 667 2003 700 per-

312 705 498 752 cipiebant.
529 706 597 741 Pro
619 721 782 743 mensura
805 709 922 757 itaque
947 717 979 743 ct
1002 709 1156 757 pondere
1182 711 1461 745 necessariarum
1483 724 1603 746 rerum
1626 719 1659 745 et
1679 711 1904 754 victualium,
1927 727 2002 760 pre-

313 765 402 801 tium
429 767 539 802 veluti
566 769 824 816 rependentes,
849 770 1055 816 religionem
1076 784 1175 804 suam
1196 771 1330 805 ventris
1359 771 1541 806 famulatui
1569 772 1742 807 addicunt
1764 773 1799 807 hi
1821 783 2001 816 amentes,

316 827 413 874 eopia
442 828 557 875 potius
586 829 736 877 dapum,
758 844 863 877 quam
886 829 1097 864 rectitudine
1121 831 1341 877 dogmatum,
1363 845 1439 865 eam
1459 831 1562 866 lance
1585 832 1778 878 librantcs3
1804 833 1908 868 amici
1929 834 2003 882 qui-

311 887 391 922 ‹lem
419 888 585 936 quamdiu
610 890 714 924 relius
736 890 904 938 voluptati
928 890 1064 925 idoneis
1085 891 1292 933 abundant,
1314 899 1570 940 contemptores
1593 907 1671 926 vero
1695 902 1727 927 et
1748 893 1831 927 fidei
1858 903 2002 929 nostrae

311 956 551 990 accusatores,
575 949 601 983 si
632 950 718 997 quid
740 950 1002 998 praedictorum
1024 951 1345 986 emolumentorum
1369 952 1466 987 desit.
1496 952 1579 987 Pari
1607 953 1701 987 enim
1724 953 1907 989 voluntate
1933 968 2004 989 mo-

312 1009 478 1057 ribusque
507 1019 586 1044 sunt
619 1010 675 1044 isti
701 1019 735 1045 et
757 1020 929 1059 quotquot
953 1011 986 1045 in
1011 1012 1133 1045 eadem
1164 1012 1371 1047 infidelitate
1401 1022 1508 1055 sunt,
1531 1022 1632 1062 atque
1658 1014 1707 1048 illi
1732 1014 1816 1049 olim
1837 1029 1877 1050 ex
1906 1029 2004 1063 aegy-

311 1069 426 1116 ptiaca
455 1070 619 1105 servitute
642 1071 801 1114 liberati,
824 1071 1044 1120 similemque
1070 1072 1132 1105 illis
1158 1081 1187 1106 et
1212 1086 1411 1119 germanam
1432 1073 1590 1119 linguam
1611 1088 1830 1123 sensumque
1852 1075 2003 1112 habent:

312 1131 564 1179 manifesteque
586 1131 724 1166 illorum
749 1133 864 1167 cultus
889 1133 1019 1168 indicia
1042 1147 1122 1181 prae
1146 1148 1182 1168 se
1204 1135 1376 1176 serentes,
1394 1134 1421 1167 si
1442 1135 1531 1168 sorte
1555 1134 1591 1168 in
1614 1134 1746 1170 similes
1766 1136 1926 1171 incidant
1951 1152 2004 1171 ca-

312 1191 503 1234 lamitates,
525 1192 667 1226 moleste
690 1194 806 1227 serunt
829 1202 862 1228 et
885 1193 1157 1228 excandescunt.
1186 1193 1304 1242 Atque
1327 1202 1367 1229 ut
1388 1194 1438 1228 illi
1460 1193 1620 1229 adversus
1643 1194 1858 1242 legislatores
1883 1196 2006 1231 duces-

313 1266 382 1300 que
410 1266 489 1287 suos
520 1252 674 1287 seditiosi
703 1253 852 1296 fiebant,
876 1268 974 1289 suam
1002 1255 1096 1289 eirca
1127 1268 1252 1289 carnes
1281 1264 1316 1289 et
1344 1254 1427 1289 ollas
1456 1254 1670 1297 sessionem,
1694 1256 1865 1304 panisque
1895 1257 2004 1291 abun-

312 1313 485 1356 dantiam,
508 1324 843 1356 commemorantes:
868 1315 916 1350 sic
940 1325 974 1350 et
995 1316 1029 1350 hi
1051 1315 1277 1363 impudenter
1298 1316 1455 1351 veritatis
1478 1316 1711 1364 praeconibus
1734 1316 2004 1366 dominicaeque

313 1373 491 1408 doetrinae
520 1374 693 1409 ministris
720 1376 995 1419 maledicentes,
1020 1376 1264 1411 scelestissime
1292 1376 1487 1419 blaterant,
1513 1377 1772 1425 propemodum
1801 1377 1925 1412 eadem
1954 1377 2006 1412 di-

316 1443 434 1469 centes
449 1463 456 1477 ,
478 1449 565 1483 quae
589 1435 637 1469 illi
660 1436 823 1471 divorum
847 1437 1093 1485 prophetarum
1117 1437 1182 1472 uni
1205 1437 1424 1472 adversantes
1445 1438 1481 1473 ³²:
1503 1444 1526 1458 ‘⁶
1551 1451 1751 1472 sermonem
1772 1451 1880 1486 quem
1901 1439 2008 1473 nobis-

317 1523 339 1537 .,
367 1495 551 1544 loquimini
580 1496 617 1530 in
644 1498 785 1532 nomine
815 1497 986 1540 Domini,
1008 1512 1079 1532 non
1108 1498 1318 1543 audiemusg
1342 1511 1423 1532 nam
1445 1497 1605 1532 faciendo
1628 1498 1797 1533 faciemus
1826 1498 2004 1547 quidquid

316 1584 339 1598 „
368 1570 425 1590 ore
448 1558 799 1604 pronunciaverimus
814 1587 821 1601 ,
846 1559 1077 1594 sacrificando
1100 1559 1245 1605 reginae
1270 1558 1377 1601 caeli,
1400 1567 1435 1593 et
1454 1558 1638 1594 libationes
1659 1559 1825 1602 libando,
1846 1560 1951 1594 sicuti
1973 1569 2006 1594 et

316 1644 339 1658 ‚,
367 1631 429 1651 nos
457 1618 624 1660 fecimus,
646 1632 711 1653 nec
740 1632 810 1653 non
839 1628 955 1666 patres
980 1620 1116 1661 nostri,
1139 1628 1173 1654 et
1201 1634 1297 1666 reges
1326 1619 1456 1662 nostri,
1479 1627 1512 1654 et
1539 1619 1716 1667 principes
1737 1620 1847 1654 nostri
1868 1620 1904 1654 iu
1927 1620 2006 1655 civi-

317 1706 339 1720 „
372 1678 498 1713 tatibus
520 1678 627 1713 Iudae
652 1688 684 1713 et
706 1688 801 1714 extra
824 1679 1052 1716 l‘lierusalem.
1078 1679 1122 1715 Et
1142 1680 1267 1728 repleti
1290 1680 1438 1728 panibus
1460 1693 1583 1715 sumus
1598 1709 1606 1722 ,
1630 1689 1662 1715 et
1682 1681 1775 1715 bene
1797 1681 1896 1715 nobis
1917 1682 2005 1724 suit,

317 1765 338 1780 „
368 1747 399 1772 et
422 1739 509 1773 mala
531 1753 601 1773 non
625 1754 745 1774 sumus
768 1741 909 1788 experti.
938 1741 986 1775 At
1006 1749 1188 1789 postquam
1212 1741 1412 1776 sacrificare
1438 1741 1629 1776 desivimus
1652 1741 1792 1788 reginae
1815 1742 1923 1784 caeli,
1946 1742 2008 1777 im-

1907 1816 2006 1837 ΠΙΟΠΒ

1904 1830 1922 1849 0

318 1887 340 1901 ‚,
368 1859 500 1894 diutius
528 1874 599 1894 non
628 1862 871 1897 manebimus.
894 1863 936 1896 ad
966 1861 1114 1897 Domini
1143 1876 1264 1897 vocem
1294 1862 1531 1899 audiendam.
1555 1862 1613 1896 sed
1636 1863 1669 1896 in
1693 1862 1890 1910 Aegyptum
1915 1876 2008 1896 eom-

317 1826 339 1841 „
368 1798 497 1833 mInuti
532 1813 654 1835 sumus
683 1814 803 1835 omnes
822 1830 830 1843 ,
861 1810 895 1836 et
924 1802 1039 1848 gladio
1068 1803 1231 1850 fameque
1261 1802 1464 1837 defecinms.
1493 1801 1677 1837 Praeterea
1705 1803 1770 1837 hac
1800 1803 1835 1836 in
1866 1817 1899 1836 re

317 1948 338 1955 ,.
368 1920 609 1967 migrabimus,
629 1936 745 1971 neque
768 1923 898 1958 bellum
919 1924 1111 1971 patiemur,
1130 1925 1306 1971 tubaeque
1329 1923 1485 1958 sonitum
1506 1937 1577 1957 non
1598 1922 1799 1965 audiemus,
1817 1936 1883 1956 nec
1905 1923 2007 1969 panis

318 2008 339 2023 ,.
368 1981 552 2028 penuriam
577 1983 787 2021 sentiemus.
811 1993 842 2018 et
870 1984 940 2019 illic
965 1984 1216 2020 habitabimus.
1246 2012 1270 2026 „

419 2042 476 2088 64.
505 2042 603 2077 llaec
632 2053 664 2078 et
693 2044 745 2078 liis
776 2045 898 2079 similla
927 2059 967 2079 ex
989 2045 1078 2079 malo
1110 2045 1224 2079 cordis
1255 2045 1415 2079 thesauro
1445 2052 1664 2086 eructantes,
1687 2053 1824 2079 rectum
1847 2053 2007 2079 nostrum

315 2110 347 2135 et
368 2102 670 2150 irreprehensi]›ilt-
694 2105 820 2151 dogma
842 2106 1005 2148 irrident,
1029 2106 1204 2154 simulque
1228 2104 1307 2140 Deo
1331 2105 1468 2139 odibilis
1490 2105 1680 2139 Mamonae
1704 2104 1770 2139 fide
1793 2105 2007 2152 glorianturg

316 2162 517 2198 felicitatem
546 2165 714 2200 iactantes
737 2180 808 2199 esse
831 2166 1025 2214 nequitiam
1055 2166 1151 2202 eius.
1177 2174 1293 2213 utpote
1318 2180 1358 2200 ex
1384 2166 1448 2200 liae
1476 2166 1568 2199 bene
1594 2165 1744 2207 nutriti,
1766 2173 1800 2199 et
1828 2165 2008 2200 abundan-

317 2222 403 2257 tiore
433 2225 529 2271 copia
558 2234 633 2260 tum
663 2226 823 2261 triticum
852 2235 928 2261 tum
957 2227 1153 2261 necessaria
1184 2227 1249 2261 alia
1279 2226 1520 2272 redimentes;
1545 2240 1660 2274 neque
1686 2226 1721 2260 id
1745 2235 1932 2274 acceptum
1951 2226 2010 2260 bo-

316 2296 445 2318 norum
472 2286 628 2320 omnium
656 2288 789 2321 auctori
811 2287 890 2322 Deo
919 2289 1133 2331 reserenteS,
1157 2302 1274 2336 neque
1304 2288 1394 2322 vitae
1424 2296 1563 2322 nostrae
1591 2287 1762 2335 provisori
1791 2295 1824 2322 ct
1853 2287 2009 2321 curatori

318 2345 462 2390 gratiam
484 2346 679 2384 reddentes,
701 2347 855 2383 Deficiet
871 2364 933 2383 nos
958 2358 1092 2397 tempus
1112 2357 1216 2397 atque
1237 2349 1351 2383 oratio
1373 2349 1401 2383 si
1425 2348 1503 2383 talia
1524 2362 1787 2397 persequemur.
1808 2348 1900 2382 “Nam
1918 2361 2008 2394 quae

317 2404 456 2451 linguae
486 2417 626 2454 possent
653 2410 779 2444 horum
800 2411 1060 2458 perversitatem
1083 2410 1321 2459 malitiamque
1350 2410 1538 2445 enarrare?
1569 2408 1661 2444 Satis
1683 2418 1733 2444 est
1756 2422 1868 2443 unum
1896 2409 2010 2442 instar

318 2466 478 2501 omnium
499 2467 541 2501 ad
564 2469 761 2504 universam
783 2485 856 2505 rem
878 2471 1127 2506 declarandam
1145 2471 1280 2507 dicere:
1303 2478 1327 2492 ⁴⁶
1352 2472 1523 2506 malorum
1546 2471 1732 2505 doctorum
1752 2469 1861 2503 malae
1885 2470 2010 2504 doetri-

321 2554 344 2568 „
372 2541 458 2572 nae3
483 2528 535 2561 vel
562 2529 733 2564 malorum
755 2532 933 2567 seminum
962 2533 1049 2567 mala
1078 2547 1182 2580 seges
1208 2561 1231 2575 „
1253 2532 1345 2567 Nam
1367 2546 1458 2581 quae
1482 2531 1557 2566 illos
1577 2529 1747 2576 evangelii
1768 2529 2007 2572 adversarius,

319 2601 416 2623 verae
440 2589 616 2636 religionis
638 2591 746 2626 hostis
771 2602 803 2627 ct
826 2602 993 2641 apostata,
1015 2594 1232 2629 zizaniorum
1256 2603 1366 2636 sator,
1388 2594 1425 2627 in
1447 2592 1582 2628 arcanis
1605 2591 1675 2626 suis
1697 2590 1924 2639 scelestisque
1946 2590 2011 2625 ini·

319 2648 525 2685 tiationibus
553 2651 696 2695 docuit,
720 2653 806 2687 haec
834 2664 950 2689 munte
980 2655 1159 2697 retinent,
1188 2655 1223 2689 in
1252 2655 1307 2690 his
1334 2655 1513 2688 laetantur
1540 2652 1658 2687 miseri
1686 2666 1720 2686 se
1751 2660 2009 2687 consectaneos

318 2708 517 2744 adolevisse.
545 2711 704 2746 Acerbae
733 2713 966 2763 exitiosaeque
993 2715 1112 2763 spinae
1136 2724 1258 2749 eontra
1283 2714 1466 2749 ecclesiam
1487 2712 1555 2747 Dei
1581 2720 1855 2755 succreverunt,
1878 2725 2010 2760 purum

318 2769 563 2819 sincerumque
586 2772 727 2819 pietatis
752 2786 872 2807 semen
895 2776 1120 2811 suffocantes.
1148 2775 1252 2810 Hanc
1277 2775 1373 2810 enim
1395 2774 1437 2808 ob
1461 2786 1602 2808 causam
1625 2786 1683 2807 eos
1705 2772 1864 2807 diabolus
1881 2772 2012 2807 excita-

319 2829 367 2863 vit
388 2831 568 2875 subulcos,
589 2833 757 2881 opiliones
770 2862 778 2877 ,
797 2835 987 2877 bubuleos,
1007 2837 1128 2879 harae,
1148 2836 1388 2878 stabulorum,
1409 2834 1613 2883 caprilium,
1633 2842 1666 2868 et
1688 2833 1882 2868 cuiuslibet
1902 2833 2013 2868 huius
