2203 3331
112 507 118 513 ¹
131 503 198 523 [tud.
208 503 319 524 XXV.‘.⁷2.

190 1354 227 1373 ur.
241 1359 264 1379 p.
280 1355 313 1375 ss.

141 1658 150 1666 ”
165 1654 232 1676 flebr.
248 1654 264 1675 Ι.
282 1657 312 1676 Η.

106 2204 116 2212 ·
131 2202 187 2223 Gen.
200 2201 280 2224 xvm.
293 2205 311 2224 1.

108 2382 115 2387 “
126 2379 191 2417 ,Gen
208 2378 310 2401 xxvtll.

357 182 404 215 ἾἹ·
889 189 939 214 ⁴S·
965 191 1142 215 stet-:rnom
1168 192 1424 215 ANTIRRIIETICUS
1451 193 1487 216 11.

360 246 542 282 discedere
556 272 564 287 ,
585 253 690 292 atque
721 243 947 281 christianum
977 261 1051 282 esse
1080 247 1260 283 desinere:
1285 247 1369 295 quin
1391 246 1476 281 adeo
1498 259 1543 281 ne
1565 246 1683 295 Moysi
1706 247 1853 296 quidem
1873 250 2040 295 credere,

359 308 420 355 qui
448 307 511 341 lios
539 313 740 341 construere
769 305 883 341 iussus
910 307 999 354 fuit;
1019 322 1133 357 neque
1162 308 1351 342 hebraeum
1375 321 1411 342 se
1435 307 1614 355 profiteri,
1637 316 1672 343 et
1699 308 1727 343 si
1751 309 1835 358 quid
1863 310 1916 345 his
1944 326 2042 347 enor-

360 368 449 402 mius
470 366 662 401 dicendum
683 375 751 410 est,
772 380 886 416 neque
905 367 982 404 Deo
1005 369 1230 417 adquiescere
1253 368 1312 417 qui
1332 369 1394 403 hos
1416 368 1491 403 ficri
1507 368 1693 404 mandavit.
1715 368 1813 416 Quid
1833 372 1929 406 enim
1949 372 2039 408 dixit

356 428 392 462 in
422 427 562 462 oraculo
591 426 690 462 Deus
719 428 859 476 proprio
886 429 1041 466 famulo?
1063 429 1210 472 videsis,
1232 429 1349 464 omnia
1371 429 1478 464 facies
1505 429 1599 464 iuxta
1628 429 1692 464 tibi
1719 439 1901 467 ostensum
1923 447 2037 469 exem-

356 489 449 536 plar3
477 496 580 536 atque
609 488 705 523 illinc
734 488 797 523 tibi
826 488 1044 526 innotescam
1070 492 1108 533 ἢ,
1136 504 1176 525 ex
1207 489 1420 525 Cherubinis
1449 489 1593 524 scilieet.
1621 488 1726 524 Anne
1755 490 1861 537 igitur
1889 493 2037 529 honora-

355 548 440 583 biles
468 561 539 594 non
568 547 734 583 videntur
754 562 792 583 ac
813 551 1007 585 venerandi
1035 551 1103 593 illi,
1127 550 1220 586 unde
1249 550 1348 586 Deus
1375 550 1575 584 hominibus
1605 549 1821 586 innotescit?
1848 552 1962 588 Nemo
1985 554 2036 589 di-

352 609 512 644 vinarum
539 622 658 644 rerum
677 609 841 645 reverens
858 624 929 645 non
951 611 1181 646 adsentietur.
1210 610 1283 657 Qui
1304 625 1383 646 vero
1404 611 1456 645 his
1478 610 1729 646 contumellam
1755 611 1858 655 facit,
1880 627 2034 661 quanam

352 678 444 704 sorte
473 670 683 712 donabitur,
705 670 758 705 vel
787 671 1000 719 quibusnam
1027 672 1300 707 accensebitur?
1327 671 1445 706 Facile
1473 671 1509 706 id
1536 671 1688 720 quisque
1712 671 1821 715 volet,
1845 672 2035 721 intelliget:

351 744 475 778 nempe
497 744 577 765 eum
606 730 830 766 ethnicorum
852 731 1043 773 atheismu,
1068 740 1100 765 et
1125 745 1208 766 eum
1228 731 1522 767 Manichaeorum
1550 731 1728 780 impietate
1757 741 1928 780 ponetur3
1952 748 2036 782 quo-

351 805 429 826 rum
459 792 669 826 sententiam
695 792 965 839 doctrinamque
994 791 1178 827 Mamonas
1206 792 1404 836 aemulam,
1429 793 1464 827 in
1492 801 1622 828 tantam
1646 792 1776 827 rabiem
1804 801 1836 828 et
1864 793 2035 842 irreligio-

352 853 488 887 sitatem
516 852 654 900 illapsus
684 860 759 894 est,
781 860 821 886 ut
849 852 915 886 sibi
943 851 1046 886 licere
1076 860 1196 899 putet,
1218 852 1301 887 alios
1330 867 1471 901 quoque
1499 853 1629 889 multos
1655 853 1821 888 divinitus
1849 854 2033 902 inspiratae

351 913 542 961 scripturae
564 913 656 947 locos
686 912 845 947 similiter
872 912 1065 959 vituperare
1086 926 1126 946 ac
1148 912 1265 947 delere
1293 913 1490 948 stultissime
1516 922 1549 948 et
1573 914 1823 951 scelestissime.
1853 914 1947 961 Quia
1974 915 2036 962 igi-

352 982 410 1008 tur
437 973 579 1008 eiuratis
609 972 764 1021 Spiritus
792 972 903 1006 saneti
931 972 1054 1014 dietis,
1082 971 1283 1019 longissime
1311 987 1330 1008 a
1361 972 1644 1009 Christianorum
1671 974 1749 1010 aula
1776 975 1931 1019 habitat,
1959 989 2036 1023 age-

352 1034 396 1068 sis
423 1034 627 1068 sententiam
646 1041 823 1074 nostram,
845 1032 1047 1067 cuiusmodi
1075 1045 1196 1067 omnes
1225 1033 1318 1068 intra
1346 1034 1572 1069 orthodoxiae
1592 1043 1686 1082 septa
1706 1044 1837 1070 stantes
1859 1036 2034 1083 gerimus,

349 1103 453 1141 prout
482 1094 636 1143 Spiritus
664 1094 878 1141 interpretes
907 1092 1031 1128 cuncti
1058 1092 1280 1137 docuerunt,
1310 1101 1345 1128 et
1373 1094 1564 1129 catholicae
1595 1095 1759 1130 ecelesiae
1788 1109 1888 1131 mens
1917 1104 2035 1140 tenet,

348 1154 501 1189 breviter
528 1167 750 1202 exponamus.

453 1228 484 1263 9.
506 1213 669 1250 Dicimus
693 1228 792 1261 ergo,
813 1213 1048 1248 sanctissimae
1070 1214 1135 1248 hae
1157 1214 1354 1262 potentiae,
1375 1214 1573 1250 cuiusmodi
1592 1223 1733 1250 naturas
1753 1215 1905 1251 habeant
1926 1225 2034 1265 atque

351 1275 580 1318 substantias,
602 1288 664 1310 nos
686 1275 793 1309 ferme
815 1275 978 1321 ignorare
992 1302 1000 1317 ‚
1023 1282 1084 1309 aut
1105 1288 1202 1321 aegre
1225 1274 1413 1310 admodum
1437 1289 1536 1323 posse
1559 1275 1751 1324 explieare;
1771 1275 1887 1324 deque
1909 1277 1975 1311 hac
1995 1290 2035 1312 re

348 1336 432 1371 alibi
452 1335 551 1371 latius
579 1335 730 1370 diximus
756 1336 807 1383 (1)
822 1363 831 1377 ,
853 1348 1035 1370 sacrorum
1055 1335 1299 1381 magistrorum
1320 1335 1489 1370 doctrinis
1515 1337 1761 1384 obsequentes,
1789 1336 1881 1371 Nam
1909 1336 2037 1385 simpli-

349 1411 404 1431 ces
426 1410 537 1445 quum
558 1396 628 1431 sint
650 1404 683 1431 et
704 1396 958 1444 incompositae
973 1424 981 1439 ‚
1002 1395 1153 1444 locoque
1175 1404 1319 1445 propter
1338 1396 1662 1445 incorporalitatem
1683 1396 2033 1446 incircumscriptae,

348 1457 578 1493 nihilominus
604 1457 801 1505 pinguntur
823 1471 863 1492 ae
890 1458 1096 1504 figurantur.
1124 1456 1243 1505 Atque
1272 1457 1307 1491 id
1331 1457 1511 1505 potissime
1539 1457 1672 1493 scimus
1699 1472 1761 1506 per
1790 1458 1928 1493 oracula
1957 1457 2036 1506 Spi-

349 1519 439 1555 ritus
453 1548 460 1562 ,
482 1533 571 1567 quae
598 1519 827 1566 hierophanta
848 1517 990 1566 hloyses
1021 1532 1123 1553 eausa
1151 1532 1233 1553 suae
1258 1518 1547 1554 Cherubinorum
1566 1520 1718 1554 facturae
1742 1519 1842 1553 nohis
1863 1520 2033 1567 patefecit.

348 1578 490 1614 Deinde
518 1580 600 1627 quia
628 1579 915 1614 administratorii
942 1578 1083 1627 spiritus
1113 1587 1217 1621 sunt,
1239 1579 1277 1613 in
1306 1579 1546 1615 ministerium
1572 1580 1668 1614 missi
1694 1588 1840 1628 propter
1869 1594 1947 1622 eos»,
1971 1580 2034 1628 qui

348 1639 576 1674 hereditatem
599 1638 735 1687 capient
756 1638 873 1674 salutis
893 1640 929 1681 *ᾗ
949 1639 1079 1687 placuit
1100 1639 1259 1674 omnium
1280 1640 1436 1676 curatori
1457 1654 1496 1675 ac
1517 1640 1661 1675 domino
1681 1639 1778 1683 Deo,
1798 1640 1858 1688 qui
1879 1640 2033 1687 benigne

350 1709 475 1735 cuncta
504 1701 694 1748 gubernat,
720 1701 896 1748 rebusque
924 1700 1052 1735 nostris
1079 1701 1299 1745 moderatur,
1327 1710 1433 1750 prout
1462 1701 1614 1750 postulat
1640 1701 1795 1736 humana
1823 1701 2032 1744 infirmitas,

348 1776 409 1810 per
439 1761 666 1796 comitantem
693 1761 969 1810 familiaremque
997 1775 1162 1804 sensum,
1190 1763 1376 1798 beatarum
1402 1762 1642 1810 potentiarum
1669 1762 1785 1797 adesse
1814 1762 2033 1807 custodiam3

348 1823 443 1857 unde
465 1823 652 1857 nobiseum
670 1823 993 1866 communicantes,
1012 1823 1127 1858 divina
1147 1823 1240 1858 dona
1258 1838 1297 1858 ac
1317 1824 1490 1859 beneficia
1511 1823 1743 1870 gerendarum
1763 1836 1880 1857 rerum
1899 1837 1936 1857 ae
1954 1837 2035 1870 pro-

346 1883 580 1918 videndarum
606 1883 792 1919 deferrent.
820 1883 961 1919 hlultae
989 1884 1106 1933 itaque
1129 1883 1198 1919 Dei
1226 1884 1364 1919 famulis
1387 1884 1595 1932 angelorum
1621 1883 1858 1932 apparitiones
1881 1897 1952 1917 sese
1975 1884 2033 1918 ol)-

346 1945 525 1987 tulerunt,
546 1958 621 1980 non
642 1944 862 1979 manifestata
884 1945 1038 1993 ipsorum
1058 1954 1181 1980 natura
1196 1974 1204 1988 ,
1227 1946 1286 1980 sed
1314 1954 1419 1994 prout
1441 1954 1515 1980 erat
1536 1944 1628 1980 illius
1658 1944 1887 1979 sanctimonia
1916 1953 1949 1979 et
1973 1959 2035 1992 pu-

346 2005 430 2040 ritas
458 2006 519 2054 qui
547 2006 589 2040 ad
616 2006 706 2040 hanc
733 2005 901 2040 visionem
928 2007 1138 2049 vocabatur,
1160 2006 1213 2040 vel
1242 2020 1367 2041 eorum
1394 2020 1483 2054 quae
1506 2013 1603 2040 erant
1626 2005 1662 2039 in
1691 2005 1853 2040 manibus
1877 2005 2034 2051 negotio-

347 2079 424 2100 rum
446 2080 528 2101 usus
549 2074 758 2114 tempusque
787 2066 1004 2114 requirebat,
1025 2066 1073 2101 ita
1095 2067 1222 2101 formae
1245 2081 1285 2101 ae
1307 2067 1437 2113 figurae
1465 2066 1667 2113 angelorum
1681 2094 1688 2107 .
1712 2066 1775 2114 qui
1795 2065 1889 2099 hisce
1912 2079 1974 2112 per
1996 2079 2033 2100 se

347 2135 488 2169 carent,
510 2127 623 2174 dignis
645 2141 684 2161 eo
705 2127 781 2162 visu
803 2126 901 2175 puris
922 2127 1047 2162 mentis
1070 2128 1199 2170 oculis,
1221 2127 1448 2162 multifariam
1472 2127 1783 2162 conformabantur
1803 2134 1906 2173 atque
1934 2140 2033 2173 appa-

348 2188 480 2222 rebant.
509 2187 553 2222 Εἰ
572 2202 628 2222 res
649 2187 794 2236 quidem
816 2202 899 2223 cum
919 2188 1113 2237 patriarcha
1135 2188 1331 2224 Abrahamo
1354 2197 1449 2235 gesta
1472 2190 1511 2231 ξ,
1535 2187 1715 2222 sublimior
1743 2201 1847 2235 quam
1875 2187 2031 2233 angelica

348 2248 435 2293 suitg
457 2256 490 2282 et
510 2248 598 2283 illius
619 2262 729 2283 novae
750 2248 1047 2298 admirandaeque
1075 2250 1290 2284 salutationis
1318 2249 1465 2292 modus,
1488 2263 1559 2297 quo
1588 2248 1792 2295 religiositas
1821 2255 1856 2281 et
1882 2248 2033 2295 hospita·

346 2308 424 2343 litas
452 2308 652 2356 recipientis
682 2309 878 2344 celebratur
900 2324 940 2344 ac
966 2310 1174 2358 suspicitur,
1196 2309 1265 2344 Dei
1291 2310 1410 2358 potius
1438 2323 1543 2358 quam
1570 2309 1775 2356 augelorum
1804 2306 2031 2355 praesentiam

347 2369 511 2404 ostendit.
539 2368 656 2418 Atque
684 2371 790 2406 huius
816 2379 982 2419 nepotem
1009 2371 1179 2407 Iacobum
1206 2373 1245 2415 ᾇ,
1268 2385 1339 2420 quo
1366 2380 1521 2419 tempore
1550 2369 1622 2405 Dei
1644 2369 1754 2404 Verbi
1783 2369 1824 2403 ad
1851 2368 2028 2402 hominem

349 2430 656 2465 condescensionis
678 2432 840 2466 notitiam
863 2440 1073 2480 accepturus
1097 2441 1185 2475 erat,
1204 2432 1328 2467 vidisse
1350 2433 1534 2467 manifeste
1555 2431 1692 2478 angelos
1713 2430 1884 2477 scriptum
1906 2437 1974 2474 est3
1995 2437 2030 2463 et

346 2491 511 2539 quasdam
539 2490 645 2525 scalas
673 2506 785 2540 usquc
813 2493 855 2527 ad
878 2492 993 2541 ipsum
1023 2493 1158 2528 caelum
1187 2493 1230 2528 de
1257 2502 1347 2528 terra
1376 2501 1554 2542 porrectas
1574 2506 1613 2527 ac
1635 2491 1899 2539 pertingentes,
1922 2499 2028 2538 atque

347 2551 382 2586 in
403 2552 529 2586 harum
549 2551 703 2586 culmine
727 2553 961 2589 constitutum
982 2554 1213 2589 universalem
1231 2553 1446 2596 Dominum,
1466 2562 1498 2588 et
1519 2553 1601 2588 illuc
1621 2551 1889 2586 ascendentium
1911 2564 1949 2585 ae
1973 2551 2030 2585 de-

348 2612 595 2647 scendentium
614 2612 835 2659 discursum3
856 2628 925 2662 qua
946 2614 1077 2649 visione
1103 2615 1299 2650 communis
1323 2614 1506 2650 servatoris
1527 2612 1594 2648 Dei
1614 2612 1656 2647 ad
1680 2626 1744 2647 nos
1766 2612 1937 2647 adventus
1958 2625 2030 2658 my-

349 2673 432 2707 stice
455 2673 689 2720 figurabatur3
711 2687 817 2721 eaque
839 2675 941 2709 etiam
965 2675 1097 2710 Christi
1119 2676 1309 2724 imaginem
1337 2676 1438 2712 nobis
1462 2675 1496 2710 in
1521 2683 1743 2710 antecessum
1771 2674 1949 2722 depictam
1975 2686 2032 2707 ec·

350 2733 469 2768 elesiae
494 2734 664 2782 praesules
688 2734 964 2771 manifestissime
989 2737 1202 2785 praedicant.
1696 2732 1697 2736 Ἰ

428 2871 463 2901 (1)
482 2870 583 2906 Nempe
602 2870 631 2897 in
650 2870 818 2907 apologetico
839 2871 939 2899 maiore
959 2879 1016 2907 cap.
1038 2876 1080 2900 70.
1102 2877 1129 2901 et
1147 2881 1221 2908 seqq.
