2203 3331
183 280 193 291 ·
210 278 276 299 omi.
293 278 351 299 ΧΠ.
367 281 385 299 2.

230 339 238 347 ⁹
255 337 281 356 ts.
299 336 335 356 111.
354 338 384 356 11.

241 366 247 372 ·
265 363 299 383 Pa>
315 362 349 384 tC.
364 366 384 383 3.

208 1550 215 1558 ’
233 1549 283 1570 (1al.
298 1548 336 1570 lv.
350 1551 371 1570 4.

246 1610 285 1631 Gr.
299 1615 322 1636 p.
338 1612 371 1632 10.

200 1733 210 1742 ¹
225 1731 252 1752 Is.
267 1731 335 1753 LXII.
350 1734 370 1752 2.

189 1851 199 1861 '
215 1850 241 1870 IS.
257 1849 334 1871 XLIX.
349 1852 370 1871 6.

184 1913 192 1921 ¹
208 1912 242 1933 Ps.
257 1912 334 1935 XLVI.
349 1916 368 1934 3.

173 2155 181 2162 “
198 2154 213 2176 t.
232 2154 290 2176 Petr.
305 2154 333 2176 11.
349 2158 369 2176 o.

168 2519 176 2528 ⁸
193 2518 227 2540 Ps.
242 2518 329 2541 LXXV.
344 2522 364 2540 2.

192 2639 199 2645 “
216 2637 262 2658 loll.
278 2638 316 2659 IV.
331 2640 363 2659 20.

162 2760 364 2783 *Ps.cxxxv1.s.

427 139 492 173 182
1016 148 1044 172 S.
1071 149 1243 174 Ntcssl’uonl
1269 150 1504 173 APOLOGETmL's

426 234 449 248 „
477 206 569 239 iuxta
596 214 782 237 numerum
809 202 1015 249 angelorum
1033 203 1114 240 Dei.
1142 204 1187 240 Et
1207 205 1275 240 suit
1301 205 1416 252 portio
1438 204 1587 240 Domini
1613 205 1763 254 populus
1792 206 1869 242 eius
1897 207 2023 251 Iacob,
2044 210 2097 245 su-

424 293 447 308 „
475 263 616 299 nic-ulus
637 262 836 298 hereditatis
858 263 930 298 eius
950 263 1088 300 Israhel.
1116 264 1182 308 Et,
1206 280 1245 300 ex
1267 266 1430 300 omnibus
1453 265 1620 312 gentibus
1644 266 1730 313 elegi
1750 280 1808 302 vos
1828 269 1855 304 *ἦ
1881 267 1947 310 Et,
1969 269 2094 317 popule

424 353 446 368 „
473 337 589 365 meus,
609 332 786 358 exactores
806 324 910 359 vestri
930 325 1078 372 spoliant
1096 340 1153 360 vos
1168 328 1194 360 *ἦ
1213 324 1277 368 Et,
1295 339 1359 361 nos
1376 326 1522 374 populus
1546 335 1645 369 tuus,
1665 335 1700 362 et
1720 341 1796 362 oves
1817 329 1936 377 pascui
1955 329 2007 365 tui
2023 331 2050 365 *ἃ
2070 358 2094 372 ,,

417 385 463 420 Iit
490 397 734 433 quaecumque
761 385 966 420 huiusmodi
990 386 1025 420 in
1047 387 1150 421 sacris
1173 386 1321 421 oraculis
1342 387 1384 421 116
1408 386 1472 421 11115
1498 387 1718 434 scribuntur3
1739 402 1823 437 quos
1852 390 1975 424 merito
2002 390 2095 438 quis-

418 445 509 493 piam
530 444 686 493 publicos
707 445 964 493 quodammodo
985 446 1178 481 idiotismos
1198 447 1309 489 dicat,
1332 446 1519 482 Israhelem
1541 461 1559 481 a
1580 456 1778 483 ceterarum
1803 450 1959 496 gentium
1981 450 2094 486 inere-

416 505 561 540 dulitate
584 514 618 539 ct
639 505 891 552 irreligiositate
912 507 1151 542 discernentes
1170 522 1209 542 ac
1226 516 1441 555 separantes,
1458 506 1604 555 Deoque
1626 508 1840 543 familiariter
1860 510 2092 547 admoventes.

417 565 521 611 Quod
543 580 625 600 sane
648 566 691 601 de
712 566 786 601 15115
805 566 877 602 dici
897 580 1095 615 numquam
1113 569 1247 616 poterit.
1270 568 1432 616 Namque
1454 568 1593 603 illarum
1611 569 1768 616 gentium
1790 584 1903 617 reges,
1923 580 1956 605 et
1979 572 2092 606 subie-

415 636 469 662 cta
496 627 578 675 ipsis
604 628 815 671 multitudo,
837 629 944 663 animi
971 628 1222 675 incogitantiae
1251 629 1419 665 cedentes
1434 658 1442 672 ,
1465 630 1612 678 ideoque
1635 639 1674 665 ut
1695 631 1908 667 irrationalia
1928 633 2091 668 animalia

414 688 635 731 aberrantes,
657 702 776 724 verum
798 698 831 723 et
852 689 1056 724 naturaliter
1078 688 1197 724 Deum
1218 690 1486 737 ignoraverunt,
1508 691 1569 738 qui
1597 705 1654 725 eos
1676 701 1871 735 creaverat,
1895 693 2090 741 spirituque

413 749 502 784 vitae
528 749 740 793 donaverat,
765 759 798 785 et
825 750 1043 798 providentia
1072 764 1132 785 sua
1159 752 1318 798 regebat:
1344 752 1407 786 sibi
1434 761 1551 787 autem
1580 752 1820 800 imposuerunt
1849 767 1964 801 regem
1992 753 2089 789 Sata-

414 823 517 852 nam,
537 810 713 858 deosque,
735 819 775 845 ut
803 810 946 857 singulis
974 810 1096 853 libuit,
1117 819 1219 858 atque
1249 811 1409 846 exitiosos
1437 812 1624 847 [laemones
1639 841 1647 855 ,
1669 813 1703 848 in
1724 813 1834 848 varias
1859 822 1968 849 sectas
1989 814 2089 849 divisi

414 885 455 905 ac
476 870 621 918 dispersi
641 871 843 913 adorantes,
863 871 1056 918 peculiares
1079 871 1145 905 sibi
1166 872 1351 918 religiones
1378 872 1610 909 adsciverunt.
1641 874 1821 919 Quoniam
1847 874 1955 921 igitur
1980 889 2024 910 ne
2052 875 2088 909 hi

413 932 558 979 quidem
578 931 695 966 Deum
716 932 873 966 omnium
899 945 1015 978 regem
1042 941 1281 979 agnoverunt,
1303 947 1419 981 neque
1440 935 1591 982 populus
1616 935 1690 970 eius
1715 935 1891 969 familiaris
1919 936 2086 979 suerunt,

412 992 471 1041 qui
494 992 673 1040 ceteroqui
694 992 768 1027 iure
791 1000 908 1034 erant,
931 1000 1053 1040 utpote
1082 1001 1239 1027 ereatura
1264 993 1339 1027 eius
1362 1002 1395 1028 et
1416 994 1619 1042 opificium3
1643 995 1700 1030 sed
1722 1009 1838 1043 neque
1860 1009 1981 1031 omnes
2007 1009 2090 1043 gen-

411 1061 485 1095 tes,
507 1052 637 1087 Israhel
666 1062 772 1098 sunt;
796 1066 913 1101 neque
936 1053 1097 1087 universa
1121 1062 1230 1096 terra,
1251 1053 1404 1100 Iudaea3
1428 1054 1519 1089 haud
1548 1069 1631 1090 sane
1659 1065 1799 1104 apparet
1823 1056 2026 1104 prophetica
2052 1056 2088 1091 in

410 1112 491 1160 ipsis
515 1112 657 1147 oracula
683 1112 818 1147 exitum
840 1112 1009 1147 habuisse.

515 1171 687 1220 Superest
714 1172 822 1219 igitur
850 1181 887 1207 ut
917 1172 960 1208 de
989 1173 1116 1217 nobis,
1137 1174 1199 1222 qui
1226 1188 1266 1209 ex
1295 1175 1444 1210 ethnicis
1465 1175 1507 1210 ad
1527 1174 1595 1210 Dei
1623 1175 1862 1222 cognitionem
1884 1175 1997 1210 vocati
2022 1176 2089 1210 sui-

409 1246 506 1274 mus,
528 1232 615 1267 idest
636 1233 679 1267 de
702 1233 871 1268 catholiea
893 1242 926 1268 et
945 1234 1130 1282 apostolica
1155 1234 1322 1278 ecclesia,
1342 1236 1383 1270 ad
1406 1249 1523 1271 omnes
1545 1244 1655 1271 terrae
1679 1237 1765 1271 fines
1783 1236 1940 1279 dilatata,
1958 1236 2088 1285 quique

409 1291 530 1328 Deum
550 1307 665 1328 unum
687 1302 722 1328 et
743 1294 904 1329 omnium
931 1294 1115 1330 dominum
1135 1309 1251 1342 regem
1271 1310 1439 1344 magnum
1461 1310 1499 1332 ac
1521 1297 1707 1332 dominum
1734 1296 1956 1332 concorditer
1982 1298 2090 1332 confi-

408 1361 524 1388 temur
552 1362 656 1402 atque
684 1355 889 1398 adoramus,
909 1355 996 1391 haec
1025 1365 1061 1391 et
1088 1356 1336 1403 intelligantur
1363 1365 1397 1392 et
1422 1357 1626 1393 recitentur.
1657 1356 1811 1402 Quando
1835 1366 1952 1393 autem
1977 1358 2089 1393 haec?

409 1421 432 1435 ‘⁵
467 1414 560 1450 Cum
580 1415 676 1450 venit
696 1415 881 1463 plenitudo
904 1417 1088 1464 temporis,
1110 1426 1143 1452 et
1165 1418 1459 1466 appropinquavit
1480 1432 1632 1465 regnum
1652 1418 1850 1461 caelorum,
1870 1419 1966 1454 misit
1986 1418 2086 1454 Deus

411 1502 434 1518 „
463 1475 575 1510 filium
604 1490 710 1511 suum
737 1477 984 1524 unigenitum,
1009 1478 1141 1512 sactum
1169 1493 1210 1513 ex
1237 1478 1402 1522 muliere,
1428 1493 1542 1528 aeque
1572 1493 1612 1514 ac
1639 1493 1703 1513 nos
1730 1480 1910 1514 hominem
1937 1487 2085 1527 excepto

411 1563 434 1579 „
460 1545 603 1584 peceato
621 1538 647 1572 *ἦ
670 1566 693 1580 „
711 1536 928 1586 Yocavitque
951 1551 1071 1574 01111165
1093 1547 1216 1586 gentes
1237 1539 1280 1574 ad
1300 1539 1355 1574 sui
1378 1539 1633 1586 cognitionem,
1652 1539 1854 1587 eripuitque
1874 1553 1937 1574 nos
1959 1539 2001 1573 116
2023 1539 2087 1573 ini-

406 1596 490 1631 mici
517 1597 681 1645 dynastae
702 1612 817 1632 amaro
839 1598 988 1634 servitio.
1017 1597 1123 1634 Tunc
1153 1599 1332 1633 enimvero
1359 1612 1426 1633 nos
1453 1612 1594 1647 quoque
1615 1612 1656 1633 ex
1682 1599 1830 1633 ethnicis
1859 1598 2022 1640 oriundi,
2045 1612 2086 1634 ex

407 1670 479 1692 non
507 1657 634 1706 populo
654 1658 806 1706 populus
827 1657 898 1692 Dei
920 1658 1109 1700 evasimus,
1134 1667 1237 1706 atque
1258 1659 1296 1693 in
1319 1672 1358 1693 eo
1379 1672 1509 1693 nomen
1537 1672 1667 1694 novum
1695 1658 1810 1707 adepti
1832 1671 1964 1694 sumus.
1991 1658 2084 1694 Nam

406 1717 495 1752 mihi
513 1718 702 1752 servientes
724 1732 812 1752 novo
833 1718 979 1753 nomine
1001 1718 1298 1766 appellabuntur,
1321 1719 1489 1767 scriptum
1511 1728 1561 1754 est
1585 1720 1624 1762 ³⁰¹¹,
1645 1718 1742 1767 quod
1763 1719 1858 1754 omni
1878 1732 1960 1753 aevo
1980 1718 2086 1753 bene·

405 1778 564 1821 dicetur,
585 1791 711 1826 nempe
734 1787 776 1813 ut
795 1779 836 1813 ab
857 1794 896 1814 eo
916 1779 1022 1814 simus
1049 1780 1279 1828 dicamurque
1304 1779 1509 1815 Christiani.
1536 1779 1581 1814 Et
1603 1780 1746 1828 quidem
1773 1779 1910 1814 divInae
1934 1779 2084 1814 notitiae

405 1839 506 1874 nohis
533 1839 593 1874 lux
621 1840 742 1874 oborta
770 1849 841 1886 est3
866 1840 1037 1889 quoniam
1056 1840 1093 1875 in
1113 1840 1228 1875 lucem
1249 1840 1408 1888 gentium
1431 1849 1462 1876 te
1483 1841 1605 1889 posui,
1630 1840 1745 1888 inquit
1764 1842 1791 1875 *ἱ
1818 1840 1869 1875 1111
1890 1854 1952 1875 1105
1975 1854 2084 1888 popu-

404 1900 456 1935 lus
477 1901 670 1950 adquisitus
692 1901 874 1937 laudamus
896 1901 1093 1937 Dominum
1115 1916 1197 1937 cum
1216 1901 1351 1937 Davide
1372 1903 1390 1923 ’ἕ
1410 1902 1581 1937 1110611165.
1603 1909 1626 1924 “
1653 1901 1748 1948 Quia
1769 1916 1830 1937 rex
1851 1910 1973 1937 noster
1993 1915 2085 1948 mag-

408 1989 431 2004 „
458 1975 525 1997 nus
553 1961 740 1998 Dominus.
764 1991 787 2005 „
810 1962 1000 2012 Deumque
1023 1972 1181 1998 nostrum
1202 1963 1304 1998 nobis
1326 1963 1572 2006 inscribimus,
1595 1972 1627 1998 et
1656 1963 1822 1998 ecclesiae
1844 1970 1950 2011 caput
1977 1963 2083 1997 confi-

404 2030 539 2065 temur,
561 2036 665 2071 quam
693 2036 734 2057 ex
763 2023 925 2069 gentibus
949 2023 1122 2070 sanguine
1143 2037 1205 2059 suo
1227 2023 1387 2059 redemit.
1417 2022 1513 2069 Quia
1533 2023 1721 2072 adquisivit
1742 2023 1807 2057 sihi
1829 2036 1890 2057 nos
1912 2022 2083 2071 populum

403 2082 638 2130 peculiarem,
658 2091 796 2130 gentem
819 2091 993 2127 sanctam,
1015 2084 1128 2131 regale
1149 2084 1404 2126 sacerdotium,
1422 2092 1461 2118 ut
1481 2084 1739 2119 annunciemus
1760 2084 1904 2118 virtutes
1925 2083 2082 2130 gloriam·

405 2157 473 2191 que
501 2144 576 2179 eius
597 2146 624 2179 *ἦ
649 2143 741 2190 Quia
764 2158 884 2180 omnes
905 2153 1022 2192 gentes
1050 2159 1146 2180 nunc
1168 2145 1326 2180 serviunt
1347 2145 1398 2188 ei,
1422 2153 1457 2180 et
1475 2145 1738 2180 benedicuntur
1758 2145 1795 2179 in
1819 2158 1859 2179 eo
1881 2157 2002 2179 omnes
2023 2144 2082 2178 tri-

404 2203 468 2238 bus
490 2212 618 2247 terrae,
637 2213 671 2239 et
692 2205 839 2240 adorant
860 2219 974 2240 coram
995 2206 1071 2254 ipso
1093 2219 1214 2241 omnes
1235 2205 1383 2241 familiae
1402 2205 1570 2253 gentium.
1592 2205 1636 2240 Et
1657 2219 1776 2240 omnes
1795 2213 1918 2252 gentes
1934 2204 2081 2239 veniunt

406 2272 439 2297 et
459 2264 604 2299 adorant
627 2279 741 2300 coram
763 2266 848 2314 ipso.
869 2265 915 2301 Et
935 2265 1080 2301 adorant
1101 2280 1182 2302 eum
1204 2280 1324 2301 omnes
1345 2280 1442 2314 reges
1463 2274 1583 2301 terrae.
1607 2266 1745 2314 Nempe
1768 2280 1786 2301 a
1808 2265 1930 2314 patriis
1949 2265 2079 2300 ritibus

402 2324 560 2372 diisque,
590 2334 623 2360 et
650 2326 853 2362 dominante
881 2327 973 2375 apud
1001 2327 1094 2375 ipsos
1122 2327 1375 2374 irreligiositate
1403 2327 1617 2370 resilientes,
1642 2335 1747 2376 atque
1775 2326 1819 2362 ad
1846 2339 1967 2374 puram
1994 2326 2080 2360 irre-

400 2385 743 2435 prehensibilemque
766 2388 1011 2434 confugientes
1030 2388 1290 2436 promptissime
1312 2388 1426 2424 fidem.
1452 2387 1550 2434 Quid
1572 2402 1653 2435 ergo
1674 2388 1716 2423 (16
1737 2388 1789 2423 1115
1812 2387 2010 2423 existimant
2031 2386 2077 2429 ii,

400 2445 463 2493 qui
482 2454 600 2481 sancto
623 2456 819 2495 repugnant
835 2447 1007 2496 Spiritui?
1027 2448 1067 2483 Si
1089 2449 1130 2484 de
1153 2449 1290 2485 Iudaeis
1308 2449 1452 2498 quidem
1472 2449 1557 2484 haec
1578 2449 1685 2484 fuisse
1706 2449 1816 2491 dicta,
1834 2461 1894 2496 pro
1916 2461 1976 2482 sua
1995 2447 2077 2482 stul-

401 2507 479 2541 titia
493 2506 752 2542 adfirmaverint
765 2536 773 2550 ,
790 2516 823 2543 at
836 2516 858 2529 ‘⁸
875 2517 980 2544 notus
996 2509 1033 2544 in
1050 2509 1182 2544 Iudaea
1198 2509 1315 2553 Deus,
1332 2518 1367 2545 et
1381 2510 1419 2544 in
1436 2509 1565 2544 Israhel
1584 2522 1747 2556 magnum
1763 2521 1893 2543 nomen
1912 2508 1986 2542 eius
2003 2509 2031 2543 *ἦ
2052 2535 2076 2550 ,‚

400 2566 476 2602 Illic
505 2568 599 2602 enim
627 2581 669 2602 eo
698 2576 850 2616 tempore
869 2597 877 2611 ,
906 2578 980 2604 tum
1008 2584 1090 2617 gens
1109 2598 1117 2613 ,
1146 2579 1221 2606 tum
1248 2571 1364 2606 cultus
1382 2599 1390 2614 ,
1417 2578 1493 2605 tum
1519 2569 1677 2605 adoratio
1705 2577 1777 2603 erat
1804 2568 2075 2616 circumscripta.

402 2634 424 2649 ‘⁶
456 2627 703 2675 Hierosolymis
726 2628 821 2662 enim
841 2638 981 2677 oportet
1003 2631 1142 2666 adorare
1164 2632 1182 2652 ᾗ
1205 2659 1228 2674 „
1250 2639 1292 2666 ut
1313 2631 1393 2666 olim
1412 2630 1487 2677 lege
1510 2630 1643 2665 iussum
1672 2637 1754 2664 erat.
1781 2628 1920 2663 Idcirco
1949 2628 2001 2663 illi
2028 2636 2076 2663 et-

400 2688 468 2723 iam
496 2689 558 2737 qui
578 2687 793 2736 Babylonem
816 2690 942 2737 captivi
962 2691 1148 2739 aliquando
1175 2691 1329 2727 translati
1354 2692 1520 2733 fuerunt,
1540 2689 1718 2738 quomodo
1745 2690 1984 2732 cantabimus,
2006 2689 2076 2724 aie-

400 2750 483 2783 bant
510 2751 547 2793 ³²,
576 2750 756 2785 canticum
783 2748 927 2784 Domini
954 2751 992 2785 111
1020 2760 1113 2786 terra
1140 2752 1276 2796 aliena,
1303 2752 1410 2787 mutis
1437 2751 1672 2800 pendentibus
1700 2750 1742 2785 de
1771 2750 1873 2785 salice
1902 2749 2075 2797 organis?

402 2809 488 2854 Sin,
511 2824 621 2859 aeque
643 2810 856 2854 delirantes,
880 2811 1028 2846 ethnicis
1050 2812 1155 2848 velint
1174 2814 1262 2848 hanc
1284 2813 1425 2861 gloriam
1447 2811 1622 2858 tribucre3
1646 2818 1680 2846 at
1708 2819 1927 2847 evanuerunt
1954 2811 1990 2846 in
2018 2824 2075 2845 co·
