2203 3331
704 214 766 237 vno
793 213 922 236 §rixeris
952 189 1151 235 nimis-mss,
1709 198 1771 231 191

91 271 135 306 Et
157 271 294 307 denuo:
315 276 337 291 ‘⁴
363 283 434 304 non
458 283 520 317 pro
540 269 596 303 his
621 277 757 304 tantum
780 283 860 316 rogo
876 297 884 311 ‚
908 269 940 303 id
964 276 1013 303 est
1034 281 1094 315 pro
1115 266 1318 314 discipulis,
1341 267 1397 301 sed
1421 268 1525 301 etiam
1546 279 1606 314 pro
1628 265 1692 307 iis,
1714 265 1774 313 qui

95 361 119 375 .,
146 346 208 380 per
235 331 378 366 verbum
407 344 550 373 eorum,
573 330 610 364 in
639 344 693 364 me
723 329 893 365 credituri
923 337 1025 371 sunt,
1047 335 1086 362 ut
1115 340 1234 362 omncs
1256 341 1368 362 unum
1390 328 1480 373 sint3
1506 327 1595 362 sicut
1617 335 1655 361 tu
1679 334 1778 374 pater

95 421 119 435 ‚7
149 393 184 427 in
207 406 283 434 me,
304 399 339 426 et
368 405 429 438 ego
451 391 485 425 in
512 400 546 426 te
562 420 569 433 ,
594 400 631 425 ut
660 399 693 425 et
716 391 781 438 ipsi
802 391 837 425 in
859 390 962 425 nobis
984 402 1097 423 unum
1118 388 1205 423 sint:
1231 396 1268 422 ut
1297 388 1414 422 credat
1436 388 1613 431 mundus,
1635 387 1717 435 quia
1739 395 1777 420 tu

98 481 121 495 ,‚
149 466 203 487 me
225 452 363 487 misisti.
390 481 414 495 ‚,
436 451 532 497 Quid
555 452 606 486 his
632 451 737 486 sacris
759 451 864 486 dictis
892 449 959 484 Dei
988 449 1131 484 notitiae
1156 448 1359 483 efficiendae
1388 449 1492 495 magis
1521 449 1701 496 proprium
1729 455 1780 481 est

94 521 199 562 atque
228 513 453 548 evidentius?
482 512 610 547 Nonne
635 512 760 546 exinde
789 511 954 559 depulsus
984 510 1106 545 error?
1132 523 1250 543 nonne
1274 509 1451 544 exsufflata
1476 509 1685 543 daemonum
1706 507 1782 542 illu-

94 573 172 609 sio?
194 587 315 607 nonne
339 573 512 607 idolorum
533 573 694 620 deceptio
717 572 878 606 funditus
898 571 1026 618 periit?
1045 584 1165 604 nonne
1185 569 1312 603 diaboli
1336 570 1487 617 potentia
1510 569 1667 604 corruit?
1689 567 1783 614 Quis

95 634 180 668 adeo
201 634 331 669 bardus
353 643 385 668 et
408 634 576 681 insipiens
591 662 598 676 ‚
623 642 661 667 ut
684 634 768 667 haee
792 633 838 667 ita
862 646 895 666 se
918 632 1042 666 habere
1073 645 1146 665 non
1178 632 1415 665 confiteatur?
1437 637 1459 651 ‘⁵
1484 639 1523 664 ut
1551 638 1758 676 cognoscant
1773 657 1782 671 ‚

100 724 122 732 .,
152 695 320 743 inquam,
344 703 374 729 te
403 694 514 729 solum
538 707 660 728 verum
686 693 826 735 Deum,
851 701 883 727 ct
911 706 1017 740 quem
1044 692 1168 726 misisti
1192 691 1306 726 lesum
1331 690 1520 725 Christum.
1547 719 1569 733 ‚7
1590 690 1666 725 Vox
1694 690 1783 724 haec

95 756 288 790 humanam
305 764 469 790 naturam
488 754 681 796 innovavit,
700 754 785 788 liaec
804 761 916 788 aerem
934 753 1112 801 purgavit,
1133 752 1218 787 caeli
1238 752 1355 786 ianuas
1372 751 1475 785 nobis
1494 751 1676 799 patefecit,
1695 751 1783 785 haec

98 817 134 850 in
158 825 275 851 sancta
298 825 496 850 sanctorum
519 829 585 851 nos
608 815 823 856 introduxit,
842 814 1006 849 homiues
1029 814 1235 860 angelorum
1256 812 1533 847 contubernales
1556 812 1694 853 effecit,
1714 825 1784 845 me-

98 876 198 911 dium
220 877 386 924 parietem
409 877 576 910 maceriae
601 875 717 917 solvit,
740 884 875 923 patrem
895 874 995 909 nobis
1017 889 1055 909 ac
1077 874 1195 909 Deum
1217 874 1349 921 peccati
1374 887 1478 907 causa
1500 873 1599 907 sactis
1620 872 1782 907 hostibus

97 936 344 971 reconciliavit.
371 942 393 957 “
423 936 651 971 Manifestavi
673 949 800 970 nomen
825 943 927 970 tuum
947 935 1162 970 hominibus.
1187 963 1209 977 ,,
1233 934 1333 969 Adde
1357 943 1389 968 et
1410 934 1587 981 reliquum
1610 934 1647 968 *z
1667 939 1689 953 “
1716 932 1783 966 dis-

99 1025 122 1039 „
151 997 295 1045 perdam
318 997 463 1031 nomina
487 997 660 1031 idolorum
686 996 729 1030 de
754 1005 865 1038 terra,
888 1010 1001 1044 neque
1027 995 1096 1029 ulla
1121 996 1277 1043 ipsorum
1301 995 1466 1029 memoria
1489 993 1672 1042 supererit.
1696 1021 1718 1035 2,
1743 991 1783 1026 Si

98 1071 178 1103 ergo
206 1071 284 1092 vera
313 1066 394 1092 sunt
424 1057 614 1092 Servatoris
643 1057 806 1100 oracula,
827 1056 963 1105 Deique
988 1056 1113 1091 notitia
1143 1065 1177 1090 et
1204 1069 1334 1091 nomen
1364 1056 1624 1090 manifestatum
1653 1063 1723 1096 est,
1750 1063 1782 1089 et

98 1117 142 1151 de
169 1117 268 1152 idolis
293 1118 489 1166 triumphus
511 1127 732 1166 reportatus3
759 1132 875 1166 neque
898 1117 991 1152 enim
1020 1117 1144 1152 veritas
1170 1117 1313 1151 mentiri
1339 1125 1469 1164 potest3
1494 1116 1712 1164 exploratum
1734 1123 1785 1150 est

97 1177 158 1212 hos
180 1178 302 1226 impios
325 1178 499 1213 contrario
521 1179 646 1226 spiritu
671 1187 860 1213 commotos
889 1178 1016 1226 eloqui.
1044 1177 1188 1212 Deinde
1213 1177 1428 1225 producatur
1451 1177 1484 1211 in
1508 1177 1663 1211 medium
1684 1176 1786 1210 mini-

99 1247 170 1273 ster
193 1239 387 1286 evangelii,
409 1239 529 1274 divino
557 1240 640 1274 huie
670 1240 861 1287 prophetae
890 1252 1112 1281 consonans,
1136 1247 1258 1286 utpote
1283 1238 1404 1273 eodem
1428 1238 1597 1286 impulsus
1628 1237 1762 1285 Spiritu
1777 1265 1785 1279 ‚

98 1299 159 1347 qui
188 1300 230 1334 de
260 1300 534 1348 idolothytorum
564 1315 621 1335 esu
651 1300 848 1343 definiens,
870 1301 955 1335 haec.
984 1299 1026 1334 ad
1058 1298 1264 1334 Corinthios
1293 1299 1416 1333 scribit
1443 1301 1477 1335 ς*ῑ
1500 1305 1521 1319 “
1546 1299 1676 1333 seimus
1699 1297 1786 1332 nihil

102 1388 125 1401 .‚
155 1373 229 1394 esse
260 1359 390 1394 idolum
420 1361 454 1394 in
483 1361 639 1403 mundo,
663 1360 874 1409 nullumque
904 1360 1015 1394 alium
1043 1358 1160 1394 Deum
1188 1373 1283 1401 esse,
1312 1368 1446 1407 praeter
1477 1373 1598 1394 unum.
1623 1387 1645 1401 ‚‚
1669 1358 1787 1406 Atque

98 1420 191 1454 hanc
214 1421 424 1455 sententiam
454 1422 587 1469 ubique
617 1423 755 1456 firmare
782 1421 920 1456 nititur.
950 1421 1006 1456 Ne
1033 1429 1150 1455 tamen
1175 1420 1354 1455 videretur
1376 1421 1540 1455 adversus
1564 1429 1645 1455 nota
1672 1428 1706 1454 et
1733 1433 1789 1467 pa-

99 1481 207 1515 tentia
235 1481 365 1529 aliquid
388 1482 529 1527 (licereg
555 1490 656 1517 erant
680 1483 778 1517 enim
800 1482 986 1517 simulacra
1008 1481 1099 1529 apud
1123 1481 1335 1528 irreligiosos
1365 1490 1400 1515 et
1430 1481 1654 1529 insipientes,
1677 1494 1788 1528 eaque

99 1542 368 1590 appellabantur
390 1544 436 1577 dii
451 1572 458 1586 2
482 1544 615 1579 idcirco
643 1544 795 1580 addidit:
816 1551 839 1565 ‘⁵
864 1558 945 1579 nam
966 1544 1032 1579 etsi
1055 1552 1140 1578 sunt
1168 1544 1228 1592 qui
1254 1543 1430 1578 dicuntur
1451 1543 1497 1577 (lii
1512 1571 1519 1585 ‚
1543 1542 1613 1577 sive
1635 1542 1673 1576 in
1695 1541 1789 1576 caelo

104 1632 126 1645 ‚.
157 1603 226 1637 sive
251 1604 286 1637 in
310 1613 402 1639 terra
429 1633 451 1647 ns
474 1619 543 1639 non
567 1614 681 1639 tamen
706 1620 822 1653 reapse
844 1614 878 1640 et
900 1620 1001 1648 vere,
1026 1606 1087 1640 sed
1117 1605 1211 1639 nuda
1234 1613 1371 1639 tantum
1400 1604 1633 1652 appellatione
1664 1611 1695 1638 et
1718 1617 1791 1637 ver-

101 1664 253 1698 botenus
278 1664 328 1698 dii
352 1674 444 1701 sunt.
474 1665 601 1712 Neque
624 1665 760 1700 viribus
781 1665 862 1700 ullis
886 1665 1038 1713 pollent,
1060 1665 1140 1713 quia
1161 1665 1293 1713 lapides
1319 1673 1405 1699 sunt
1430 1673 1463 1699 et
1486 1665 1580 1711 ligna
1603 1673 1637 1699 et
1658 1664 1791 1699 daemo—

101 1738 172 1758 nes.
201 1724 283 1758 Non
314 1725 428 1759 solum
457 1725 551 1759 enim
581 1725 787 1760 caelestium
814 1726 1043 1760 luminarium
1071 1726 1283 1760 maiestatem
1311 1733 1415 1773 atque
1443 1725 1664 1772 splendorem
1686 1725 1792 1759 admi-

102 1784 169 1817 rati
191 1793 274 1819 sunt
296 1785 454 1819 homines
469 1813 477 1827 ‚
499 1785 647 1833 ideoque
673 1786 781 1820 solem
806 1800 845 1820 ac
870 1786 990 1820 lunam
1013 1795 1045 1820 et
1067 1786 1246 1834 reliquum
1268 1785 1425 1820 siderum
1448 1786 1594 1820 eliorum
1618 1793 1791 1832 tamquam

103 1844 186 1879 deos
214 1845 470 1885 adoraverunt,
494 1846 552 1881 sed
583 1856 617 1880 et
642 1847 680 1880 in
709 1855 800 1881 terra
829 1847 1015 1881 daemones
1043 1847 1233 1895 quosdam.
1257 1855 1291 1880 et
1319 1846 1510 1881 nonnullos
1536 1847 1695 1881 homines
1725 1856 1792 1881 tur-

102 1906 252 1953 pissimis
274 1907 529 1955 cupiditatibus
557 1915 662 1955 atque
688 1908 826 1942 actibus
851 1908 1088 1954 famigeratos,
1113 1907 1183 1942 Uei
1211 1907 1313 1942 titulo
1340 1908 1510 1942 honorare
1539 1916 1570 1942 et
1599 1907 1791 1955 glorificare

103 1967 309 2002 stultissime
335 1967 535 2002 voluerunt.

210 2028 267 2063 38.
298 2027 369 2062 Sed
395 2028 481 2062 haec
507 2028 650 2076 quidem
676 2028 803 2063 Graeci
831 2043 868 2063 ae
893 2029 1041 2063 barbari.
1070 2028 1101 2062 A
1127 2029 1228 2063 nobis
1251 2039 1370 2064 autem
1396 2031 1548 2077 perfecte
1574 2030 1719 2064 eruditis
1744 2039 1793 2064 at-

105 2101 174 2134 que
196 2088 233 2121 in
255 2088 324 2123 fide
347 2089 513 2131 firmatis,
537 2103 631 2123 unus
654 2089 822 2124 naturalis
842 2104 991 2137 vereque
1013 2088 1113 2124 Deus
1135 2090 1356 2136 agnoscitur,
1380 2091 1441 2138 qui
1462 2091 1497 2125 in
1520 2090 1626 2125 Patre
1647 2099 1679 2124 et
1701 2090 1791 2125 Filio

106 2155 141 2181 et
161 2156 278 2182 sancto
303 2147 438 2196 Spiritu
456 2177 463 2191 ‚
485 2149 685 2183 veneranda
709 2157 741 2183 et
763 2149 925 2183 onmium
946 2149 1076 2183 vivifica
1099 2148 1295 2189 Trinitate,
1318 2150 1482 2185 adoratur
1503 2159 1537 2185 et
1558 2150 1792 2197 glorificatur3

105 2221 223 2256 neque
247 2216 383 2256 praeter
407 2209 466 2243 lias
492 2223 658 2256 personas
683 2209 790 2244 alium
810 2208 930 2244 Deum
954 2210 1135 2255 novimusg
1161 2211 1260 2245 absit.
1288 2210 1476 2258 Propterea
1499 2225 1544 2245 ne
1566 2211 1699 2259 aliquid
1720 2211 1793 2259 qui-

106 2268 188 2303 dem
217 2283 287 2303 esse
316 2270 451 2304 idolum
481 2270 715 2304 existimamus
733 2299 741 2313 ‚
769 2284 884 2318 neque
912 2271 995 2305 item
1023 2271 1256 2319 idolothytum
1286 2272 1321 2305 in
1350 2271 1490 2307 mundo.
1518 2271 1608 2318 Ergo
1637 2272 1793 2320 dispersa

106 2338 208 2372 sunt,
233 2338 272 2365 ut
300 2330 640 2373 demonstravimus,
665 2331 709 2365 de
739 2339 828 2365 terra
856 2332 1000 2366 nomina
1029 2331 1229 2377 idolorum3
1256 2345 1340 2366 narn
1367 2341 1400 2367 et
1427 2332 1568 2380 quidam
1597 2334 1795 2381 antiquitus

106 2404 234 2437 magna
260 2405 344 2426 voce
373 2400 455 2426 ante
484 2391 691 2426 clamaverat
718 2394 753 2428 ᾗς
776 2398 798 2412 “
824 2406 943 2440 neque
967 2393 1009 2426 ab
1040 2392 1140 2427 initio
1170 2392 1260 2427 idola
1287 2394 1456 2436 suerunt,
1478 2408 1595 2442 neque
1616 2393 1654 2428 in
1675 2408 1795 2443 perpe-

110 2479 133 2493 „
162 2459 261 2486 tuum
288 2461 401 2488 erunt.
428 2481 450 2494 .‚
474 2451 711 2498 Quandonam
733 2466 812 2499 ergo
834 2453 922 2487 haec
943 2467 1015 2487 non
1040 2462 1165 2495 erunt,
1187 2454 1257 2488 nisi
1280 2468 1376 2489 nunc
1399 2468 1480 2489 cum
1502 2455 1529 2489 is
1549 2455 1712 2497 advenit,
1734 2456 1794 2503 qui

106 2524 171 2545 nos
191 2511 233 2546 de
254 2512 355 2547 idolis
376 2513 563 2548 liberavit?
588 2512 684 2558 Quid
706 2513 814 2560 igitur
833 2513 974 2547 videtur
994 2513 1047 2548 his
1068 2514 1128 2562 qui
1151 2514 1326 2548 idolorum
1350 2516 1464 2550 secere
1486 2516 1724 2551 mentionem?
1754 2515 1793 2550 Si

109 2571 253 2619 quidem
277 2573 368 2621 apud
390 2573 541 2608 Iudaeos
569 2573 688 2608 dicant
708 2574 768 2607 has
790 2573 926 2608 divinas
948 2574 1082 2608 exitum
1109 2574 1270 2609 habuisse
1293 2575 1513 2618 locutiones,
1535 2584 1665 2624 quanto
1686 2575 1793 2622 magis

109 2632 202 2679 apud
225 2632 471 2671 Christianos?
498 2634 593 2670 Nam
613 2643 786 2683 quantum
808 2634 1023 2669 Iudaeorum
1046 2635 1160 2670 cultus
1189 2636 1474 2684 superstitionem
1497 2637 1719 2672 ethnicorum
1741 2651 1794 2671 su-

109 2692 264 2739 peravit,
284 2703 423 2729 tantum
445 2709 500 2730 res
522 2704 666 2730 nostrae
687 2708 793 2743 supra
815 2694 975 2729 iudaicas
997 2709 1072 2729 sese
1095 2695 1314 2739 extulerunt,
1333 2711 1372 2731 ac
1392 2696 1492 2745 plane
1514 2705 1710 2744 superstant
1731 2709 1793 2730 no-

107 2751 243 2787 bilitate
267 2767 327 2789 sua
348 2764 453 2804 atque
475 2756 696 2804 praestantia.
726 2755 871 2790 Etenim
898 2756 991 2790 inter
1019 2765 1173 2791 nostram
1195 2757 1230 2791 in
1254 2757 1376 2805 spiritu
1403 2758 1662 2798 adorationem,
1685 2764 1719 2790 et
1739 2769 1793 2790 ve-

109 2826 236 2847 sanum
266 2813 463 2850 infidelium
492 2830 570 2864 erga
597 2817 688 2851 idola
717 2816 897 2859 studium,
919 2816 1035 2851 media
1064 2825 1116 2851 est
1143 2817 1197 2852 lex
1220 2817 1372 2853 iudaica.
1403 2817 1508 2864 Quod
1532 2818 1557 2851 si
1580 2816 1622 2850 de
1646 2814 1792 2850 Graecis

109 2886 148 2907 ac
175 2873 329 2910 barbaris
358 2877 494 2924 agitur,
516 2878 646 2926 quibus
668 2877 750 2912 olim
769 2877 913 2913 divinae
934 2877 1085 2913 notitiae
1106 2878 1208 2914 iubar
1229 2892 1300 2913 non
1324 2878 1458 2922 illuxit,
1479 2878 1611 2927 quique
1639 2876 1794 2925 impuro-

1819 882 1856 901 urs
1872 887 1895 907 p.
1912 884 1944 901 ω,

1817 945 1827 953 ‘
1846 943 1913 963 Zau-ti.
1931 942 1991 963 Mili
2008 948 2025 962 Δ.

1822 1311 1830 1319 '
1844 1309 1861 1329 Ῑ.
1872 1309 1925 1329 (lor.
1938 1308 1949 1327 Σ
1960 1308 1994 1328 lll.
2008 1315 2027 1327 ui

1831 2407 1839 2416 ⁸
1854 2407 1904 2432 5¹11.
1920 2406 1978 2427 λΙΣ,
1997 2409 2028 2426 12,
