2203 3331
238 316 277 334 (Α,
293 321 314 340 μ.
330 318 362 335 ζι“.“.

170 1521 178 1529 “
196 1519 277 1541 ΜῖιῐΗι,
296 1520 320 1540 Χ.
335 1522 356 1540 7.

150 1583 159 1589 “
173 1581 232 1601 Marc
254 1581 311 1601 XVI.
326 1583 356 1601 17.

150 1645 159 1653 ⁸
166 1648 199 1669 gr.
207 1643 242 1663 dic
249 1641 354 1669 ›zzz-Just:

151 1947 157 1954 '
171 1945 252 1965 Ὶαίῐΐι,
262 1945 308 1965 ΧΠ.
320 1949 353 1966 ἕῖὶ.

155 2123 163 2132 ⁸
181 2122 261 2143 Matilo.
278 2122 303 2142 Χ.
321 2125 353 2142 21».

404 178 468 210 192
1001 188 1029 210 s.
1056 189 1226 211 mci-:riwin
1254 188 1488 211 APOLOGETmUS

399 254 476 276 rum
503 240 717 275 daemonum
738 240 888 276 cultores
910 251 1009 278 erant
1023 272 1031 286 ‚
1054 245 1101 278 ita
1122 258 1241 279 revera
1261 243 1423 278 vecordia
1446 251 1557 291 atque
1579 241 1783 290 insipientia
1810 241 1951 278 illorum
1972 256 2006 278 se
2028 243 2085 278 ha-

399 302 512 336 bebat.
534 300 769 346 Quamobrem
790 301 925 338 Christi
944 313 1129 352 martyres,
1150 304 1301 339 veritatis
1321 304 1458 352 pugiles
1477 304 1674 345 victoriosi,
1694 304 1877 339 innumera
1898 303 1952 338 illa
1965 332 1972 346 ,
1992 317 2079 352 quae

398 360 554 395 oratione
583 362 837 409 comprehendi
858 373 1045 412 nequeunt
1065 365 1258 399 certamina
1279 378 1319 398 ac
1340 363 1472 398 labores
1496 363 1754 406 toleraverunt,
1778 364 1930 412 talesque
1955 377 2080 410 agones

397 421 559 456 adversus
582 421 749 456 idolicum
775 436 927 458 errorem
949 425 1214 467 sustinuerunt,
1237 424 1357 472 quales
1380 424 1530 457 humana
1554 431 1681 458 natura
1703 437 1896 472 numquam
1920 424 2078 472 pertulis-

397 490 466 516 set:
485 481 611 529 quibus
629 481 757 516 diaboli
775 483 959 519 audaciam
980 486 1180 531 fregerunt,
1201 493 1235 519 et
1257 484 1416 532 trophaea
1436 483 1640 530 splendida,
1661 483 1778 518 divina
1800 484 1986 519 adiuvante
2008 498 2079 531 gra-

400 542 442 576 tia
470 556 509 576 ac
538 542 592 584 vi,
616 541 658 577 de
687 543 840 577 efferatis
864 544 1022 579 hostibus
1047 553 1289 592 reportarunt:
1315 558 1460 591 arasque
1490 552 1523 578 et
1552 544 1632 578 fana
1660 544 1761 579 facile
1789 558 1827 579 ac
1857 545 2015 586 sortiter,
2043 554 2078 579 et

397 602 482 637 citra
504 601 618 637 ullum
638 602 792 637 laborem
814 604 1021 640 diruerunt:
1044 613 1254 652 quapropter
1283 604 1585 639 inunarcescibiles
1614 618 1755 653 quoque
1785 618 1930 639 coronas
1958 619 1975 638 a
2000 603 2075 639 Deo

397 662 631 697 certaminum
656 663 773 698 iudice
800 665 890 699 iuste
916 665 1106 699 admodum
1131 665 1299 713 consequi
1325 665 1424 711 digni
1448 666 1604 699 fuerunt.

500 722 595 769 Quid
624 737 703 758 vero
731 732 763 757 et
792 724 834 758 de
863 724 1075 759 admirandis
1104 724 1172 758 illis
1200 739 1240 760 ac
1269 725 1503 759 celeberrimis
1524 724 1606 758 viris
1636 724 1820 767 iudicent,
1844 724 1964 772 quiin
1987 738 2081 759 asce-

396 784 465 818 tica
494 797 565 818 sese
594 793 793 819 exercentes
820 784 1010 832 palaestra,
1034 785 1124 820 hanc
1147 785 1210 819 sibi
1232 785 1482 820 iucundiorem
1505 800 1575 820 esse
1596 793 1799 833 putarunt,
1822 798 1926 833 quam
1948 785 2075 819 mundi

397 843 579 878 suavitates
601 852 706 892 atque
729 844 873 879 delicias
903 844 1028 892 reliqui
1055 845 1236 891 liomInes3
1261 854 1365 893 atque
1387 846 1467 880 hinc
1496 845 1816 893 supernaturalium
1837 858 1976 893 quoque
2004 844 2077 879 illo-

397 918 478 939 rum
498 918 536 939 ac
558 905 786 939 maximorum
809 905 953 940 extitere
976 905 1229 940 miraculorum
1258 907 1485 953 operatores?
1513 905 1558 940 Et
1586 914 1760 954 quotquot
1784 905 1885 940 etiam
1909 906 1943 939 in
1967 913 2078 940 extre-

396 977 467 999 mos
496 973 606 999 terrae
634 965 782 1011 angulos
810 974 1050 1007 recesserunt,
1072 966 1188 1014 ibique
1218 966 1408 1000 mundanis
1434 966 1487 1000 his
1510 975 1541 1000 et
1569 966 1781 1014 quotidianis
1811 966 1923 1000 vitatis
1950 966 2079 1000 tuinul-

398 1025 513 1068 tibus,
540 1025 644 1060 vitam
676 1033 893 1071 exegerunt3
922 1025 1210 1073 desertorumque
1238 1025 1398 1060 locorum
1424 1026 1602 1074 asperitati
1630 1040 1669 1061 ac
1698 1026 1874 1061 molestiae
1904 1026 2076 1073 intrepidi

396 1094 644 1128 occurrentes,
667 1099 732 1120 ceu
758 1085 831 1120 sine
860 1099 965 1120 carne
989 1085 1025 1119 in
1048 1100 1194 1134 corpore
1222 1086 1408 1132 vixerunt3
1432 1095 1466 1121 et
1493 1087 1670 1134 angelicos
1698 1101 1811 1121 mores
1838 1086 2077 1125 aemulantes,

393 1146 440 1180 sic
465 1145 556 1180 vitae
584 1160 667 1180 suae
694 1146 842 1181 stadium
871 1146 1133 1194 inculpabiliter
1162 1147 1423 1193 decurrerunt3
1449 1161 1557 1195 quare
1582 1156 1615 1182 et
1640 1148 1763 1182 mundi
1791 1147 1924 1182 lumina
1955 1160 2077 1181 ornnes

396 1205 594 1242 extiterunt.
626 1206 718 1241 Nam
747 1207 929 1241 cuiusnam
957 1221 1022 1255 ope
1049 1208 1186 1242 morbos
1214 1208 1365 1242 humana
1393 1207 1529 1243 medela
1558 1208 1810 1256 insuperabiles
1837 1208 2079 1242 sanaverunt?

393 1267 577 1301 cuiusnam
599 1281 661 1314 ope
685 1267 870 1302 daemonia
891 1281 954 1302 ceu
973 1267 1113 1302 servitia
1131 1268 1233 1302 facile
1255 1268 1444 1303 admodum
1465 1282 1504 1303 ac
1527 1283 1587 1316 pro
1609 1269 1817 1303 auctoritate
1843 1268 2080 1316 expulerunt?

392 1326 490 1362 Num
513 1327 613 1362 idolis
637 1327 874 1363 immolando?
901 1342 944 1362 an
966 1329 1087 1376 potius
1107 1327 1228 1364 Deum
1249 1329 1381 1364 orando
1395 1357 1403 1372 ‚
1427 1338 1460 1364 et
1480 1329 1717 1364 universalem
1737 1328 1923 1363 dominum
1944 1327 2079 1362 Deum-

392 1402 459 1435 que
482 1387 650 1430 colendo,
674 1396 708 1422 et
735 1387 806 1423 suis
834 1388 973 1423 actibus
1001 1389 1201 1423 adiutorem
1229 1389 1449 1425 invocando?
1478 1389 1573 1424 Sane
1602 1397 1641 1424 ut
1669 1390 1771 1424 nobis
1793 1397 1827 1423 ct
1849 1388 1983 1423 veritati
2010 1388 2077 1436 ipsi

391 1448 528 1482 videtur
545 1477 553 1491 ,
582 1448 714 1483 virtute
744 1457 779 1483 et
807 1449 913 1495 gratia
941 1449 1115 1497 operantis
1142 1457 1419 1497 potestatemque
1447 1450 1721 1497 suppeditantis,
1749 1464 1789 1484 ac.
1817 1448 1998 1496 discipulis
2026 1448 2078 1482 di-

395 1509 506 1543 centis
526 1510 560 1544 ²²:
582 1515 604 1529 ‘⁶
629 1517 753 1544 euntes
775 1509 976 1557 praedicate
997 1509 1156 1544 dicentes
1178 1510 1260 1558 quia
1281 1510 1574 1558 appropinquavit
1596 1524 1748 1557 regnum
1771 1510 1957 1545 caelorum.
1979 1508 2079 1543 Infir-

396 1597 418 1611 .,
446 1582 519 1603 mos
548 1577 687 1611 curate,
710 1569 863 1616 leprosos
891 1569 1057 1604 mundate
1073 1598 1080 1612 ‚
1104 1569 1291 1604 daemones
1319 1570 1448 1604 eiicite.
1475 1598 1497 1612 ‚,
1519 1569 1567 1604 Et
1593 1570 1650 1604 illa
1677 1570 1821 1617 insuper
1842 1571 1879 1605 *ἢ
1901 1576 1924 1589 “
1949 1569 1986 1603 in
2015 1582 2077 1603 no-

397 1658 419 1671 „
447 1629 542 1663 mine
565 1642 642 1663 ineo
665 1628 852 1663 daemonia
880 1629 1044 1671 eiicient,
1065 1629 1195 1675 linguis
1222 1629 1413 1677 loquentur
1432 1629 1531 1664 novis
1552 1631 1590 1672 ᾗ,
1612 1638 1788 1677 serpentes
1809 1629 1941 1664 tollent.
1966 1656 1989 1670 ‚‚
2011 1628 2079 1663 Ve-

391 1689 482 1723 ritati
502 1698 620 1723 autem
643 1689 969 1724 contradicentibus
989 1689 1073 1737 quid
1093 1689 1264 1737 supersit,
1288 1690 1484 1724 obscurum
1505 1703 1577 1724 non
1599 1697 1659 1725 est.
1688 1689 1780 1724 Nam
1802 1690 1853 1724 his
1875 1689 1990 1724 omnia
2017 1702 2078 1724 au-

391 1749 555 1784 dentibus
569 1778 576 1791 ,
599 1758 720 1797 utpote
750 1749 876 1784 effreni
897 1750 940 1784 ad
962 1749 1246 1785 maledicendum
1269 1749 1361 1784 Filio
1383 1764 1442 1785 ore
1463 1749 1623 1798 praeditis
1637 1777 1645 1792 ‚
1668 1758 1701 1784 et
1723 1749 1824 1784 simili
1844 1763 1882 1784 ac
1910 1763 2076 1796 germano

391 1810 651 1857 pharisaeorum
674 1810 815 1856 ingenio
838 1810 1038 1853 instructis,
1059 1825 1130 1846 non
1153 1819 1205 1845 est
1226 1810 1377 1845 arduum
1398 1810 1628 1852 denuntiare,
1648 1810 1741 1858 quod
1761 1809 1797 1844 in
1819 1810 1977 1857 principe
1997 1809 2076 1844 dae-

390 1871 590 1906 moniorum
611 1871 697 1905 haec
723 1871 798 1905 illos
826 1885 928 1918 agere
954 1880 1173 1919 compertum
1194 1871 1246 1906 sit.
1276 1870 1349 1905 Sed
1377 1871 1461 1919 quia
1488 1879 1644 1906 mentem
1671 1871 1865 1918 improbam
1892 1879 2074 1917 gere111e5‚

389 1940 491 1980 atque
519 1931 560 1966 ad
590 1931 710 1966 illicita
740 1940 989 1979 procurrentes
1008 1960 1015 1974 ,
1044 1932 1138 1966 vanis
1169 1931 1440 1978 cogitationibus
1468 1932 1671 1974 fluctuant,
1700 1931 1829 1966 merito
1858 1930 2007 1965 audient
2034 1932 2074 1965 ᾗς

390 1998 412 2012 ⁴²
442 1991 625 2039 progenies
646 1991 862 2039 viperarum,
884 1991 1060 2039 quomodo
1082 1991 1223 2039 potestis
1245 1992 1334 2026 bona
1354 1991 1470 2040 loqui,
1492 2005 1604 2040 quum
1625 1991 1699 2026 sitis
1723 1991 1829 2026 mali?
1857 1990 1948 2025 Nam
1969 1990 1996 2024 si
2016 2004 2074 2038 pa-

394 2081 415 2095 „
444 2061 535 2087 trem
562 2051 707 2086 familias
736 2051 924 2087 Beelzehul
951 2060 1181 2094 vocaverunt,
1203 2061 1336 2100 quanto
1366 2052 1475 2099 magiS
1504 2052 1714 2087 domesticos
1742 2052 1841 2086 eius?
1865 2080 1887 2093 „
1911 2051 2001 2086 sicut
2027 2051 2072 2085 ait

391 2112 584 2147 Servatoris
613 2112 721 2147 oratio
742 2114 769 2147 *ἦ
799 2112 871 2158 Qui
894 2127 975 2160 ergo
998 2112 1073 2147 fieri
1094 2121 1209 2161 potest
1229 2121 1268 2147 ut
1290 2113 1395 2147 iidem
1416 2113 1606 2148 daemones
1628 2122 1662 2147 et
1685 2113 1721 2147 in
1744 2112 1970 2146 dominorum
1990 2111 2072 2146 loco

392 2173 570 2215 colantur,
593 2181 625 2207 et
647 2181 685 2207 ut
707 2172 884 2219 mastigiae
908 2173 1064 2220 servique
1087 2186 1238 2221 nequam
1259 2172 1455 2221 puniantur
1475 2173 1651 2221 domoque
1675 2171 1981 2207 exterminentur?
2010 2171 2072 2206 Sic

392 2240 484 2267 certe
510 2233 546 2266 in
573 2246 605 2266 se
632 2232 746 2280 ipsum
771 2233 905 2267 divisus
928 2233 1041 2268 suerit
1067 2233 1197 2268 diaboli
1222 2242 1435 2282 potentatus.

493 2292 563 2327 Sed
591 2293 686 2327 enim
713 2293 928 2341 exploratum
956 2302 1028 2337 est,
1050 2294 1174 2342 impios
1195 2295 1256 2329 hos
1277 2295 1382 2329 sicuti
1409 2294 1646 2341 evangelicam
1674 2294 1843 2328 reiiciunt
1869 2294 2070 2335 historiam,

320 2367 353 2385 ss.
390 2352 435 2386 ita
462 2352 621 2387 caelestis
641 2367 780 2401 quoque
803 2362 1004 2389 sanctorum
1024 2355 1112 2389 vitae
1136 2364 1170 2390 et
1191 2364 1333 2390 actuum
1355 2355 1554 2397 veritatem,
1577 2354 1614 2388 in
1635 2355 1741 2390 sacris
1763 2355 1862 2389 libris
1884 2354 2070 2402 scriptam,

387 2412 533 2447 minime
562 2413 760 2448 admittere.
790 2413 895 2459 Quod
923 2415 951 2449 si
978 2415 1200 2462 propheticas
1224 2415 1484 2464 praedictiones
1506 2429 1646 2450 veraces
1675 2415 1893 2457 existimant,
1916 2427 2069 2462 namque

389 2488 442 2508 eas
463 2473 653 2508 mendaces
675 2473 791 2509 dicere
814 2489 860 2510 ne
881 2475 1037 2511 diabolus
1060 2476 1227 2524 quidem,
1250 2485 1289 2512 ut
1317 2490 1415 2518 reor,
1438 2476 1601 2521 audebitg
1628 2490 1707 2523 ergo
1731 2490 1835 2510 curae
1858 2475 1924 2509 illis
1947 2475 1990 2509 sit
2012 2475 2071 2509 de-

388 2542 602 2574 monstrare,
625 2534 768 2569 ubinam
797 2544 831 2570 et
859 2536 1001 2584 quando
1030 2537 1094 2571 hae
1124 2536 1259 2572 exitum
1287 2545 1410 2572 nactae
1439 2537 1520 2572 sint.
1549 2537 1641 2572 Nam
1662 2536 1691 2571 si
1714 2537 1771 2571 isti
1797 2538 1956 2571 futurum
1986 2545 2070 2571 tem-

388 2608 451 2641 pus
480 2602 658 2642 spectant,
680 2604 713 2629 et
739 2595 889 2630 alterum
915 2597 1033 2631 adfore
1064 2595 1247 2632 Christum
1274 2598 1516 2646 suspicantur,
1539 2597 1601 2631 soli
1629 2597 1695 2644 ipsi
1725 2605 1896 2644 speratam
1919 2610 1991 2630 rem
2012 2611 2070 2631 ne-

389 2663 489 2699 gant,
513 2654 661 2703 ideoque
690 2655 956 2703 desperantium
982 2670 1130 2704 poenam
1160 2658 1281 2692 merito
1310 2658 1478 2692 reserent.
1507 2656 1612 2702 Quod
1644 2665 1757 2691 autem
1787 2656 1996 2691 adveniente
2025 2657 2067 2690 ad

388 2729 450 2749 nos
471 2715 657 2750 universali
678 2714 776 2754 Deo.
798 2724 831 2749 et
854 2716 1000 2751 caeleste
1024 2731 1174 2764 regnum
1195 2718 1438 2766 praedicante,
1457 2716 1676 2765 polytlieismi
1699 2731 1797 2751 error
1818 2717 1973 2751 sublatus
1995 2717 2069 2751 sue-

387 2775 451 2817 rit,
472 2784 575 2823 atque
604 2789 698 2810 unus
726 2775 892 2810 dominus
915 2784 949 2810 et
972 2775 1071 2812 Deus
1092 2791 1133 2812 ac
1155 2792 1214 2812 rex
1242 2778 1286 2812 ab
1314 2778 1479 2812 omnibus
1510 2776 1732 2812 concorditer
1759 2777 1924 2811 adoretur
1946 2785 1978 2811 et
2000 2776 2069 2822 glo—

388 2835 563 2879 rificetur,
584 2835 679 2871 idem
699 2836 757 2871 hic
778 2835 878 2870 divus
899 2837 1067 2884 propheta
1088 2838 1124 2872 in
1145 2838 1378 2887 sequentibus
1399 2838 1509 2880 dicet,
1530 2850 1705 2886 nemoque
1727 2851 1810 2872 sana
1833 2845 1950 2872 mente
1972 2850 2069 2884 prae-
