2203 3331
706 205 767 228 rno
793 204 920 228 sascns
948 204 1145 226 IMAGINIBFS.
1697 193 1762 227 197

196 260 318 309 Agesis
347 258 452 306 igitur
466 288 473 297 ,
496 258 558 294 alia
585 274 746 309 quoque,
768 268 904 309 praeter
923 258 1174 307 suprascripta,
1195 258 1405 296 deiferorum
1425 260 1584 296 virorum
1613 258 1766 294 testimo·
1800 268 1837 290 Gr-
1854 275 1875 295 v·
1892 271 1924 288 ὃ(

93 324 154 358 nia
175 328 426 357 connectentes
440 349 448 363 ,
473 319 605 355 Christi
626 321 808 356 ecclesiam
831 320 1005 355 calumnia
1026 319 1182 367 qualibet
1204 328 1237 354 et
1260 322 1530 368 reprehensione
1555 321 1766 365 liberemusg

97 383 253 429 dogmata
280 388 398 415 autem
425 379 703 416 adversariorum
729 380 867 415 vesania
889 380 983 414 omni
1003 387 1107 427 atque
1133 393 1248 413 errore
1271 382 1437 415 scatentia
1458 388 1766 429 repraesentemus.

96 443 299 477 Advocetur
322 441 439 489 itaque
460 442 502 476 ad
525 455 661 476 sacrum
682 442 777 476 hunc
801 450 1014 476 conventum
1034 439 1158 482 Isaias,
1177 441 1424 488 prophetarum
1445 441 1680 476 vocalissimus
1695 468 1702 482 ,
1722 447 1770 474 at-

95 517 167 552 que-
191 502 392 551 eloquatur,
415 502 548 537 animae
578 502 709 544 oculis,
733 510 853 550 utpote
882 501 997 536 divino
1026 501 1175 535 carbone
1203 510 1392 549 purgatus,
1415 502 1526 537 multo
1546 510 1625 536 ante
1646 514 1698 535 res
1719 500 1771 534 fu-

99 573 193 599 turas
223 577 374 598 cernens
389 592 396 605 ,
417 563 581 611 dicatque
601 565 627 599 ³¹¹.
650 570 672 583 ‘²
698 563 773 597 Erit
798 563 834 596 111
860 561 1050 597 novissimis
1078 561 1205 597 diebus
1235 562 1450 610 conspicuus
1478 576 1580 597 mons
1601 561 1771 603 Domini,
1808 576 1861 598 -15,
1877 576 1937 597 11,-.»⁴

101 654 124 667 ‚,
152 633 186 660 et
207 624 332 660 domus
353 623 423 659 Dei
445 624 550 659 Iacob
572 624 605 658 in
630 624 827 666 montibus,
851 631 884 658 et
905 622 1098 657 elevabitur
1120 636 1225 671 super
1247 622 1349 657 colles
1365 651 1373 665 ,
1396 630 1428 657 et
1448 622 1589 657 venient
1611 622 1652 656 ad
1674 621 1774 656 illum

100 714 125 729 es
153 699 271 720 omnes
300 694 432 732 gentes.
462 684 504 719 Et
526 684 628 719 ibunt
653 692 774 731 gentes
797 684 928 719 multae
951 692 984 718 et
1005 684 1142 720 dicent:
1165 684 1281 719 venite
1304 683 1533 718 ascendamus
1556 682 1597 717 ad
1620 690 1774 717 montem

102 774 126 789 „
154 745 301 780 Domini
315 775 323 787 ‚
345 754 378 780 et
405 745 446 779 ad
467 745 612 780 domum
630 744 702 779 Dei
721 744 850 787 nostri,
874 753 919 779 et>
935 745 1171 780 annunciabit
1190 745 1289 779 nobis
1310 745 1400 779 viam
1422 757 1542 785 suam,
1564 752 1598 777 et
1625 742 1776 777 ambula-

102 834 126 849 „
155 806 268 841 bimus
297 806 333 840 in
365 819 411 841 ea.
440 805 495 839 De
525 804 612 839 Sion
642 805 738 839 enim
765 805 872 839 exibit
900 805 972 847 lex,
998 813 1032 839 et
1058 805 1203 840 verbum
1231 803 1381 839 Domini
1408 804 1451 838 de
1480 803 1721 844 Hierusalem,
1745 810 1778 836 et

103 894 126 909 „
156 865 330 901 iudicabit
350 866 385 900 in
410 865 522 900 medio
545 865 701 912 gentium
728 865 939 908 multarum,
963 874 996 899 et
1023 873 1144 912 arguet
1165 873 1285 912 gentes
1305 865 1443 900 multas.
1469 893 1491 907 ‚,
1514 863 1671 909 Quinam
1698 876 1778 896 vero

101 926 170 960 sint
191 926 226 960 hi
247 926 423 960 novissimi
443 926 534 969 dies,
552 926 784 961 manifestabit
804 940 926 961 rursus
947 927 1069 961 beatus
1092 926 1221 961 Paulus
1244 926 1287 960 ad
1309 925 1485 961 Hebraeos
1507 925 1554 959 ita
1576 924 1730 959 scribens
1745 925 1778 959 ’με
1816 941 1823 950 .
1841 939 1933 960 amni
1960 941 1976 958 1Δ

100 993 124 1007 “
156 986 384 1021 multifariam
412 987 600 1035 multisque
623 987 731 1021 modis
759 987 841 1022 olim
868 986 967 1022 Deus
995 987 1135 1022 loeutus
1164 987 1319 1035 patribus
1348 1001 1410 1035 per
1438 986 1644 1035 prophetas,
1666 983 1781 1019 novis-

104 1075 128 1090 „
156 1048 241 1082 sime
262 1047 385 1082 diebus
413 1048 485 1082 istis
513 1048 654 1083 locutus
676 1057 725 1083 est
746 1048 849 1083 nobis
869 1062 929 1096 per
952 1048 1064 1083 filium
1078 1077 1086 1090 ,
1108 1061 1216 1096 quem
1238 1048 1423 1083 constituit
1450 1047 1614 1081 heredem
1642 1046 1782 1080 univer-

104 1136 128 1150 „
158 1121 299 1151 sorum,
320 1122 382 1156 per
408 1122 513 1157 quein
533 1109 615 1143 fecit
638 1118 670 1144 et
692 1109 841 1144 saecula.
867 1137 890 1152 „
912 1108 958 1143 Et
985 1109 1113 1143 iterum
1134 1110 1170 1145 *z
1192 1115 1214 1129 ‘²
1238 1122 1340 1143 nune
1364 1117 1486 1143 autem
1515 1107 1622 1142 semel
1644 1107 1678 1140 111
1703 1120 1783 1141 0011-
1816 1126 1826 1132 ·
1843 1123 1912 1144 ww,
1930 1123 1968 1143 ix,
1986 1127 2016 1143 ,».-,,

106 1197 129 1211 „
157 1169 393 1204 summatione
416 1169 636 1204 saeculorum
657 1170 700 1204 ad
722 1170 990 1205 destitutionem
1018 1170 1151 1216 peccati
1179 1183 1240 1217 per
1268 1169 1414 1204 hostiam
1437 1182 1535 1203 suam
1562 1167 1732 1216 apparuit.
1759 1195 1781 1209 „

102 1228 312 1278 Rursusque
340 1230 374 1264 111
401 1229 542 1278 epistola
564 1231 606 1265 ad
631 1230 769 1265 Galatas
796 1232 832 1267 *ἢ
854 1237 876 1252 “
904 1244 986 1265 cum
1012 1230 1107 1265 venit
1135 1230 1317 1278 plenitudo
1347 1230 1533 1278 temporis,
1559 1228 1651 1263 misit
1680 1227 1781 1262 Deus
1818 1245 1826 1254 ²
1843 1243 1892 1263 1,.11,
1912 1243 1947 1263 ii.
1968 1251 1983 1262 1,

105 1318 129 1332 .,
158 1290 270 1325 filium
299 1304 405 1325 suum
432 1292 565 1325 factum
592 1305 632 1326 ex
660 1291 808 1326 muliere
823 1320 830 1334 ‚
851 1293 982 1326 factum
1010 1291 1075 1326 sub
1096 1291 1168 1337 lege
1182 1319 1190 1333 ,
1211 1300 1249 1325 ut
1271 1305 1326 1325 eos
1349 1291 1411 1339 qui
1433 1291 1496 1325 sub
1518 1290 1593 1336 lege
1615 1296 1711 1324 erant
1733 1302 1783 1322 re-

107 1379 131 1386 ..
161 1350 318 1387 dimeret.
344 1379 368 1394 „
389 1350 434 1386 Et
456 1352 498 1386 ad
519 1351 687 1400 Ephesios
709 1353 869 1387 similiter
888 1354 925 1390 *ἦ
947 1359 969 1374 “
995 1361 1120 1387 notum
1142 1352 1273 1386 faciens
1302 1351 1403 1386 nobis
1431 1351 1638 1398 mysterium
1665 1350 1785 1384 volun·
1820 1370 1830 1377 »
1848 1366 1926 1391 ww„
1944 1366 1960 1385 1,
1978 1370 1996 1384 0.

107 1439 130 1454 „
160 1411 236 1446 tatis
257 1426 361 1455 suae,
383 1412 583 1448 secundum
605 1413 869 1461 beneplacitum
892 1414 985 1456 eius,
1005 1413 1099 1461 quod
1121 1413 1305 1461 proposuit
1327 1413 1362 1446 in
1385 1426 1446 1454 eo,
1470 1412 1505 1445 in
1528 1410 1784 1459 dispensatione

107 1501 129 1515 „
159 1473 394 1521 plenitudinis
423 1483 644 1522 temporum,
668 1475 864 1510 instaurare
893 1476 1010 1510 omnia
1032 1475 1069 1509 in
1094 1473 1234 1509 Christo
1263 1488 1351 1522 quae
1382 1474 1417 1508 111
1448 1474 1551 1508 caelis
1582 1482 1611 1507 et
1641 1486 1727 1520 quae
1751 1472 1785 1505 in

108 1562 130 1575 ‚,
159 1542 248 1569 terra
271 1544 363 1571 sunt.
386 1564 409 1578 „
431 1535 530 1581 Quin
554 1536 658 1570 etiam
678 1551 774 1571 Divos
794 1550 927 1579 PETRUS,
946 1549 1115 1571 Eccnsssm:
1138 1549 1305 1577 PULCRUM,
1324 1535 1374 1570 sic
1397 1535 1527 1569 alicubi
1547 1535 1595 1568 ait
1615 1536 1649 1569 ³²:
1668 1545 1690 1553 ⁵·
1712 1546 1785 1567 11011
1824 1549 1832 1557 ¹
1848 1547 1864 1567 1.
1880 1546 1941 1567 Pru.
1959 1547 1974 1566 1.
1992 1549 2024 1566 12.

109 1623 131 1635 ,‚
162 1595 451 1643 corruptibilibus
473 1605 616 1642 argento
638 1597 689 1631 vel
710 1610 798 1631 auro
824 1596 995 1644 redempti
1023 1596 1102 1631 estis
1125 1596 1168 1630 de
1191 1609 1275 1630 vana
1302 1604 1413 1630 restra
1443 1594 1703 1630 conversatione
1733 1607 1789 1641 pa-

108 1683 131 1697 „
159 1663 279 1690 ternae
304 1656 498 1690 traditionis
513 1685 520 1698 ‚
541 1657 602 1691 sed
623 1657 777 1704 pretioso
799 1656 972 1703 sanguine
994 1656 1094 1704 quasi
1116 1656 1196 1703 agni
1226 1655 1443 1690 immaculati
1465 1664 1496 1690 et
1520 1654 1790 1689 incontaminati

108 1743 132 1757 es
163 1714 319 1758 Christi,
341 1717 556 1764 praecogniti
583 1717 726 1765 quidem
753 1726 832 1751 ante
861 1716 985 1751 mundi
1013 1717 1325 1758 constitutionem,
1346 1716 1559 1750 manifestati
1588 1724 1707 1750 autem
1731 1729 1791 1749 no-

110 1804 132 1814 .,
161 1776 311 1811 vissimis
336 1777 552 1825 temporibus
578 1786 719 1826 propter
745 1791 808 1813 nos
828 1779 867 1819 ᾖ,
888 1778 949 1826 qui
977 1791 1040 1825 per
1060 1778 1176 1826 ipsum
1205 1777 1326 1811 fideles
1355 1791 1475 1811 sumus
1505 1790 1585 1823 erga
1611 1776 1738 1811 Deum.
1768 1804 1790 1817 „
1827 1787 1982 1828 jurarant

107 1835 153 1870 Et
172 1836 233 1884 qui
253 1836 368 1871 divina
390 1837 540 1884 fulgurat
566 1838 716 1872 tonitrui
744 1838 837 1872 filius
858 1839 894 1873 *ἦ
916 1844 937 1858 *⁶
965 1837 1058 1872 filioli
1075 1866 1083 1880 ,
1107 1837 1294 1872 novissima
1324 1838 1405 1871 hora
1436 1845 1506 1878 est,
1530 1836 1666 1884 inquit3
1693 1844 1725 1870 et
1752 1836 1792 1870 si·
1826 1825 1976 1873 3111111111,
1997 1855 2025 1871 ικ.

111 1925 134 1939 ‚2
165 1906 225 1932 cut
251 1898 393 1932 audistis
415 1898 497 1946 quia
519 1898 764 1933 Antichristus
792 1897 909 1941 venit,
933 1906 964 1933 et
990 1912 1088 1933 nune
1110 1898 1322 1933 Antichristi
1344 1897 1444 1932 multi
1469 1897 1550 1931 sacti
1572 1905 1671 1938 sunt,
1694 1896 1792 1930 unde

112 1987 135 2001 „
164 1958 293 1993 scimus
321 1958 405 2006 quia
432 1959 617 1993 novissima
645 1960 730 1993 hora
760 1968 819 1994 est.
849 1988 872 2001 ‚,
902 1958 975 1993 Sed
1002 1959 1079 1994 heic
1110 1959 1253 2007 quidem
1282 1959 1386 1994 finem
1414 1958 1563 1992 habeant
1593 1957 1790 1991 novissima.

112 2018 205 2053 Cum
227 2019 269 2054 ad
292 2029 417 2054 metam
438 2020 581 2068 quidem
600 2028 810 2068 properante
835 2034 937 2062 aevo,
961 2028 1065 2068 atque
1089 2020 1130 2054 ad
1154 2033 1318 2054 occasum
1340 2019 1408 2053 iam
1428 2027 1591 2065 vergente
1616 2026 1792 2065 tempore,

110 2079 235 2113 mundi
264 2080 372 2115 finem
400 2080 554 2128 proxime
583 2080 800 2127 attigerimus
818 2109 826 2123 ,
854 2088 941 2115 tunc
971 2080 1114 2114 demum
1143 2080 1293 2114 illustris
1323 2088 1424 2128 atque
1454 2078 1665 2126 conspicuus
1695 2091 1794 2112 mons

110 2138 199 2182 Dei,
221 2140 416 2189 domusque
443 2141 518 2176 eius
543 2142 692 2189 pariter,
715 2142 751 2175 in
777 2149 962 2189 prospectu
988 2141 1056 2176 fiet.

216 2200 314 2247 Quid
338 2210 455 2236 autem
476 2202 548 2236 vult
569 2202 645 2236 heic
667 2202 866 2249 significare
889 2201 997 2235 divini
1017 2202 1125 2236 huius
1153 2201 1342 2249 prophetae
1370 2214 1481 2235 sermo
1496 2230 1503 2241 ,
1524 2201 1591 2235 nisi
1612 2200 1708 2248 quod
1731 2213 1793 2233 nos

112 2261 156 2296 ad
185 2261 356 2297 diviniora
376 2270 480 2311 atque
502 2263 706 2297 sublimiora
728 2276 869 2311 prorsus
898 2262 1047 2297 invitat?
1077 2261 1235 2297 Cuinam
1256 2262 1337 2296 item
1366 2261 1506 2296 credere
1536 2270 1639 2309 atque
1667 2262 1796 2295 obtem-

111 2337 231 2370 perare
255 2332 389 2371 oportet
410 2324 637 2371 potissimum
660 2338 715 2359 eos
737 2324 799 2373 qui
822 2324 999 2372 Spiritum
1028 2324 1264 2372 receperunt?
1293 2322 1394 2357 Haud
1417 2336 1500 2357 sane
1522 2323 1558 2357 in
1582 2322 1697 2356 littera
1720 2322 1796 2355 hae-
1832 2338 1870 2358 er,
1887 2344 1907 2363 p.

112 2397 212 2426 rere,
233 2392 266 2418 et
294 2384 520 2418 sensibilibus
548 2384 653 2419 rebus
681 2384 812 2432 abripi,
835 2384 895 2419 sed
916 2384 980 2418 alte
1002 2384 1119 2431 potius
1147 2392 1303 2417 mentem
1330 2383 1503 2430 dirigere,
1526 2392 1560 2417 et
1585 2382 1726 2417 meliore
1757 2395 1795 2416 ac

112 2444 318 2492 perfectiore
339 2445 377 2479 in
400 2459 502 2493 scopo
525 2445 752 2492 cogitationes
780 2436 930 2492 deligere
959 2458 1043 2492 opus
1067 2453 1136 2489 estg
1162 2453 1196 2478 et
1224 2444 1356 2478 omissis
1384 2444 1530 2478 terrenis
1559 2457 1598 2478 ac
1620 2443 1721 2478 humi
1746 2457 1797 2476 re-

113 2505 301 2552 pentibus,
322 2506 364 2540 ad
387 2520 424 2540 ea
452 2520 540 2554 quae
570 2506 820 2554 apparentibus
843 2506 1025 2554 superiora
1046 2514 1127 2540 sunt
1149 2519 1216 2540 cen
1238 2505 1367 2553 optima
1395 2505 1549 2540 tendere.
1577 2504 1688 2539 blons
1716 2518 1797 2549 ergo

114 2563 259 2600 Domini
288 2567 501 2615 conspicuus
526 2566 781 2601 existimandus
810 2575 880 2609 est,
903 2575 943 2601 ut
971 2567 1176 2601 summatim
1203 2566 1338 2609 dicam,
1362 2580 1479 2601 sacrae
1510 2565 1674 2600 ecelesiae
1701 2565 1800 2598 nohi-

114 2625 217 2669 litas,
242 2627 334 2662 nitor
362 2636 466 2676 atque
495 2628 656 2662 maiestas
673 2656 681 2670 ,
710 2636 744 2662 01
771 2641 862 2676 quae
893 2641 967 2662 eam
996 2627 1137 2662 inaurat
1164 2635 1267 2676 atque
1297 2635 1399 2661 ornat
1427 2627 1583 2661 hilariter
1611 2624 1800 2660 admodum

118 2685 391 2736 splendideque,
413 2689 694 2736 evangelicarum
715 2688 961 2723 doctrinarum
980 2687 1134 2736 puritas,
1156 2688 1431 2736 dogmatumque
1460 2687 1608 2722 altitudo
1631 2700 1670 2720 ae
1696 2684 1803 2719 5111111ἦ

118 2744 238 2789 initas,
260 2749 378 2783 omnia
400 2749 543 2798 inquam
570 2750 742 2784 humanos
763 2750 853 2784 fines
876 2748 1098 2790 excedentia,
1121 2748 1252 2783 excelsa
1266 2777 1273 2791 ,
1298 2756 1331 2783 et
1357 2761 1511 2784 summa:
1533 2759 1686 2794 quorum
1713 2745 1802 2778 soni-

119 2814 173 2840 tus
194 2815 226 2841 et
248 2809 523 2855 praedicationes
551 2810 682 2845 diserte
711 2810 886 2853 clamant,
910 2818 945 2844 et
972 2809 1134 2844 omnium
1160 2809 1304 2844 auribus
1334 2809 1520 2844 clarissime
1548 2808 1730 2847 intonant,
1752 2805 1804 2839 di-

119 2865 193 2900 vini
213 2869 367 2916 mysterii
389 2871 707 2907 manifestationem
734 2870 905 2906 facientes
921 2899 929 2914 ,
951 2871 1107 2905 aeternis
1128 2871 1346 2919 temporibus
1371 2869 1513 2906 silentio
1535 2867 1665 2916 pressi,
1689 2879 1706 2901 a
1729 2879 1807 2902 san-
