<?xml version="1.0" encoding="UTF-8"?>
<!DOCTYPE html PUBLIC "-//W3C//DTD XHTML 1.0 Transitional//EN"
    "http://www.w3.org/TR/xhtml1/DTD/xhtml1-transitional.dtd">
<html xmlns="http://www.w3.org/1999/xhtml" xml:lang="en" lang="en">
 <head>
  <title>
</title>
<meta http-equiv="Content-Type" content="text/html;charset=utf-8" />
  <meta name='ocr-system' content='tesseract 3.04.00' />
  <meta name='ocr-capabilities' content='ocr_page ocr_carea ocr_par ocr_line ocrx_word'/>
</head>
<body>
  <div class='ocr_page' id='page_1' title='image "./novaepatrumbibli05maiauoft/novaepatrumbibli05maiauoft_0375.png"; bbox 0 0 2203 3331; ppageno 0'>
   <div class='ocr_carea' id='block_1_1' title="bbox 566 189 1760 230">
    <p class='ocr_par' dir='ltr' id='par_1_1' title="bbox 566 189 1760 230">
     <span class='ocr_line' id='line_1_1' title="bbox 566 189 1760 230; baseline -0.007 0"><span class='ocrx_word' id='word_1_1' title='bbox 566 206 730 230; x_wconf 63' lang='lat' dir='ltr'>anvenscs</span> <span class='ocrx_word' id='word_1_2' title='bbox 757 203 1003 229; x_wconf 64' lang='lat' dir='ltr'>coxsrasnxrn</span> <span class='ocrx_word' id='word_1_3' title='bbox 1029 202 1262 226; x_wconf 67' lang='lat' dir='ltr'>cornorzrnrn.</span> <span class='ocrx_word' id='word_1_4' title='bbox 1715 189 1760 223; x_wconf 77' lang='lat'>73</span> 
     </span>
    </p>
   </div>
   <div class='ocr_carea' id='block_1_2' title="bbox 70 255 1771 1712">
    <p class='ocr_par' dir='ltr' id='par_1_2' title="bbox 70 255 1766 1228">
     <span class='ocr_line' id='line_1_2' title="bbox 70 255 1760 318; baseline -0.009 -14"><span class='ocrx_word' id='word_1_5' title='bbox 70 265 301 318; x_wconf 75' lang='lat' dir='ltr'>spergendam</span> <span class='ocrx_word' id='word_1_6' title='bbox 323 263 502 299; x_wconf 75' lang='lat' dir='ltr'>curasset?</span> <span class='ocrx_word' id='word_1_7' title='bbox 527 261 707 309; x_wconf 82' lang='lat' dir='ltr'>Quoniam</span> <span class='ocrx_word' id='word_1_8' title='bbox 729 261 759 296; x_wconf 88' lang='lat' dir='ltr'>ei</span> <span class='ocrx_word' id='word_1_9' title='bbox 780 259 919 295; x_wconf 79' lang='lat' dir='ltr'>occasio</span> <span class='ocrx_word' id='word_1_10' title='bbox 942 257 1075 292; x_wconf 83' lang='lat' dir='ltr'>favebat</span> <span class='ocrx_word' id='word_1_11' title='bbox 1105 257 1243 291; x_wconf 89' lang='lat' dir='ltr'>iocandi</span> <span class='ocrx_word' id='word_1_12' title='bbox 1265 265 1299 291; x_wconf 92' lang='lat' dir='ltr'>et</span> <span class='ocrx_word' id='word_1_13' title='bbox 1319 255 1533 304; x_wconf 83' lang='lat' dir='ltr'>propositum</span> <span class='ocrx_word' id='word_1_14' title='bbox 1555 268 1659 291; x_wconf 88' lang='lat' dir='ltr'>suum</span> <span class='ocrx_word' id='word_1_15' title='bbox 1679 268 1760 290; x_wconf 87' lang='lat' dir='ltr'>con-</span> 
     </span>
     <span class='ocr_line' id='line_1_3' title="bbox 75 316 1759 372; baseline -0.009 -7"><span class='ocrx_word' id='word_1_16' title='bbox 75 327 298 369; x_wconf 76' lang='lat' dir='ltr'>summandi,</span> <span class='ocrx_word' id='word_1_17' title='bbox 322 323 736 372; x_wconf 80' lang='lat' dir='ltr'>incircumscriptionem</span> <span class='ocrx_word' id='word_1_18' title='bbox 757 319 886 368; x_wconf 83' lang='lat' dir='ltr'>angelis</span> <span class='ocrx_word' id='word_1_19' title='bbox 907 332 1045 367; x_wconf 85' lang='lat' dir='ltr'>quoquc</span> <span class='ocrx_word' id='word_1_20' title='bbox 1066 316 1268 351; x_wconf 78' lang='lat' dir='ltr'>adtribuere</span> <span class='ocrx_word' id='word_1_21' title='bbox 1290 316 1473 363; x_wconf 84' lang='lat' dir='ltr'>adgressus</span> <span class='ocrx_word' id='word_1_22' title='bbox 1500 316 1643 362; x_wconf 71' lang='lat' dir='ltr'>fuisset3</span> <span class='ocrx_word' id='word_1_23' title='bbox 1664 316 1759 365; x_wconf 90' lang='lat' dir='ltr'>quod</span> 
     </span>
     <span class='ocr_line' id='line_1_4' title="bbox 76 378 1760 433; baseline -0.008 -7"><span class='ocrx_word' id='word_1_24' title='bbox 76 404 179 427; x_wconf 85' lang='lat' dir='ltr'>nemo</span> <span class='ocrx_word' id='word_1_25' title='bbox 200 402 274 424; x_wconf 91' lang='lat' dir='ltr'>non</span> <span class='ocrx_word' id='word_1_26' title='bbox 294 386 388 421; x_wconf 74' lang='lat' dir='ltr'>videt</span> <span class='ocrx_word' id='word_1_27' title='bbox 411 393 548 433; x_wconf 81' lang='lat' dir='ltr'>gratum</span> <span class='ocrx_word' id='word_1_28' title='bbox 568 384 632 432; x_wconf 87' lang='lat' dir='ltr'>ipsi</span> <span class='ocrx_word' id='word_1_29' title='bbox 652 384 817 431; x_wconf 79' lang='lat' dir='ltr'>futurum</span> <span class='ocrx_word' id='word_1_30' title='bbox 837 381 942 416; x_wconf 85' lang='lat' dir='ltr'>fuisse</span> <span class='ocrx_word' id='word_1_31' title='bbox 966 388 998 414; x_wconf 85' lang='lat' dir='ltr'>et</span> <span class='ocrx_word' id='word_1_32' title='bbox 1019 386 1229 414; x_wconf 83' lang='lat' dir='ltr'>consuetum</span> <span class='ocrx_word' id='word_1_33' title='bbox 1248 378 1442 426; x_wconf 82' lang='lat' dir='ltr'>impiaeque</span> <span class='ocrx_word' id='word_1_34' title='bbox 1462 393 1544 414; x_wconf 85' lang='lat' dir='ltr'>suae</span> <span class='ocrx_word' id='word_1_35' title='bbox 1565 378 1760 413; x_wconf 87' lang='lat' dir='ltr'>sententiae</span> 
     </span>
     <span class='ocr_line' id='line_1_5' title="bbox 77 438 1762 495; baseline -0.007 -9"><span class='ocrx_word' id='word_1_36' title='bbox 77 450 306 487; x_wconf 77' lang='lat' dir='ltr'>subserviens,</span> <span class='ocrx_word' id='word_1_37' title='bbox 335 447 497 495; x_wconf 67' lang='lat' dir='ltr'>Namque</span> <span class='ocrx_word' id='word_1_38' title='bbox 525 444 664 492; x_wconf 78' lang='lat' dir='ltr'>angelos</span> <span class='ocrx_word' id='word_1_39' title='bbox 691 441 1020 489; x_wconf 88' lang='lat' dir='ltr'>incircumscriptos</span> <span class='ocrx_word' id='word_1_40' title='bbox 1047 439 1139 474; x_wconf 90' lang='lat' dir='ltr'>dicet</span> <span class='ocrx_word' id='word_1_41' title='bbox 1168 438 1313 487; x_wconf 86' lang='lat' dir='ltr'>quidem</span> <span class='ocrx_word' id='word_1_42' title='bbox 1339 438 1487 487; x_wconf 82' lang='lat' dir='ltr'>aliquis,</span> <span class='ocrx_word' id='word_1_43' title='bbox 1510 439 1570 474; x_wconf 85' lang='lat' dir='ltr'>sed</span> <span class='ocrx_word' id='word_1_44' title='bbox 1594 454 1665 474; x_wconf 88' lang='lat' dir='ltr'>non</span> <span class='ocrx_word' id='word_1_45' title='bbox 1694 453 1762 474; x_wconf 89' lang='lat' dir='ltr'>om-</span> 
     </span>
     <span class='ocr_line' id='line_1_6' title="bbox 75 499 1762 557; baseline -0.008 -10"><span class='ocrx_word' id='word_1_46' title='bbox 75 513 181 557; x_wconf 65' lang='lat' dir='ltr'>nino,</span> <span class='ocrx_word' id='word_1_47' title='bbox 205 510 336 545; x_wconf 83' lang='lat' dir='ltr'>etenim</span> <span class='ocrx_word' id='word_1_48' title='bbox 358 508 496 555; x_wconf 79' lang='lat' dir='ltr'>origine</span> <span class='ocrx_word' id='word_1_49' title='bbox 520 514 615 542; x_wconf 87' lang='lat' dir='ltr'>certe</span> <span class='ocrx_word' id='word_1_50' title='bbox 638 502 1001 543; x_wconf 86' lang='lat' dir='ltr'>circumscribuntur,</span> <span class='ocrx_word' id='word_1_51' title='bbox 1021 500 1102 548; x_wconf 87' lang='lat' dir='ltr'>quia</span> <span class='ocrx_word' id='word_1_52' title='bbox 1122 508 1155 534; x_wconf 85' lang='lat' dir='ltr'>et</span> <span class='ocrx_word' id='word_1_53' title='bbox 1176 499 1241 548; x_wconf 87' lang='lat' dir='ltr'>ipsi</span> <span class='ocrx_word' id='word_1_54' title='bbox 1264 508 1458 547; x_wconf 89' lang='lat' dir='ltr'>coeperunt</span> <span class='ocrx_word' id='word_1_55' title='bbox 1480 500 1634 536; x_wconf 75' lang='lat' dir='ltr'>existere.</span> <span class='ocrx_word' id='word_1_56' title='bbox 1657 499 1762 546; x_wconf 82' lang='lat' dir='ltr'>Quod</span> 
     </span>
     <span class='ocr_line' id='line_1_7' title="bbox 75 559 1762 619; baseline -0.008 -11"><span class='ocrx_word' id='word_1_57' title='bbox 75 581 194 608; x_wconf 82' lang='lat' dir='ltr'>autem</span> <span class='ocrx_word' id='word_1_58' title='bbox 221 569 550 619; x_wconf 84' lang='lat' dir='ltr'>quomodocumque</span> <span class='ocrx_word' id='word_1_59' title='bbox 572 580 643 601; x_wconf 82' lang='lat' dir='ltr'>esse</span> <span class='ocrx_word' id='word_1_60' title='bbox 667 564 804 612; x_wconf 84' lang='lat' dir='ltr'>coepit,</span> <span class='ocrx_word' id='word_1_61' title='bbox 826 576 901 597; x_wconf 89' lang='lat' dir='ltr'>non</span> <span class='ocrx_word' id='word_1_62' title='bbox 923 561 1066 596; x_wconf 85' lang='lat' dir='ltr'>omnino</span> <span class='ocrx_word' id='word_1_63' title='bbox 1089 559 1420 608; x_wconf 80' lang='lat' dir='ltr'>circumscriptione</span> <span class='ocrx_word' id='word_1_64' title='bbox 1445 569 1560 606; x_wconf 68' lang='lat' dir='ltr'>caretg</span> <span class='ocrx_word' id='word_1_65' title='bbox 1585 574 1762 611; x_wconf 83' lang='lat' dir='ltr'>quumque</span> 
     </span>
     <span class='ocr_line' id='line_1_8' title="bbox 77 620 1764 672; baseline -0.008 -3"><span class='ocrx_word' id='word_1_66' title='bbox 77 634 149 668; x_wconf 77' lang='lat' dir='ltr'>sint</span> <span class='ocrx_word' id='word_1_67' title='bbox 178 640 380 672; x_wconf 73' lang='lat' dir='ltr'>creaturae,</span> <span class='ocrx_word' id='word_1_68' title='bbox 401 644 420 664; x_wconf 89' lang='lat' dir='ltr'>a</span> <span class='ocrx_word' id='word_1_69' title='bbox 449 635 602 663; x_wconf 80' lang='lat' dir='ltr'>creatore</span> <span class='ocrx_word' id='word_1_70' title='bbox 629 625 837 660; x_wconf 87' lang='lat' dir='ltr'>limitantur.</span> <span class='ocrx_word' id='word_1_71' title='bbox 867 623 977 657; x_wconf 90' lang='lat' dir='ltr'>Immo</span> <span class='ocrx_word' id='word_1_72' title='bbox 1007 622 1111 656; x_wconf 89' lang='lat' dir='ltr'>etiam</span> <span class='ocrx_word' id='word_1_73' title='bbox 1134 620 1368 656; x_wconf 80' lang='lat' dir='ltr'>intellectuali</span> <span class='ocrx_word' id='word_1_74' title='bbox 1392 622 1702 668; x_wconf 82' lang='lat' dir='ltr'>comprehensione</span> <span class='ocrx_word' id='word_1_75' title='bbox 1727 622 1764 656; x_wconf 87' lang='lat' dir='ltr'>fi-</span> 
     </span>
     <span class='ocr_line' id='line_1_9' title="bbox 76 681 1764 738; baseline -0.007 -9"><span class='ocrx_word' id='word_1_76' title='bbox 76 695 240 729; x_wconf 75' lang='lat' dir='ltr'>niuntur.</span> <span class='ocrx_word' id='word_1_77' title='bbox 262 691 448 738; x_wconf 83' lang='lat' dir='ltr'>Quatenus</span> <span class='ocrx_word' id='word_1_78' title='bbox 471 688 566 723; x_wconf 86' lang='lat' dir='ltr'>enim</span> <span class='ocrx_word' id='word_1_79' title='bbox 586 694 723 722; x_wconf 83' lang='lat' dir='ltr'>mentes</span> <span class='ocrx_word' id='word_1_80' title='bbox 745 692 844 727; x_wconf 88' lang='lat' dir='ltr'>sunt,</span> <span class='ocrx_word' id='word_1_81' title='bbox 865 683 1132 718; x_wconf 84' lang='lat' dir='ltr'>communicant</span> <span class='ocrx_word' id='word_1_82' title='bbox 1154 682 1247 716; x_wconf 88' lang='lat' dir='ltr'>inter</span> <span class='ocrx_word' id='word_1_83' title='bbox 1267 696 1301 716; x_wconf 89' lang='lat' dir='ltr'>se</span> <span class='ocrx_word' id='word_1_84' title='bbox 1324 681 1551 728; x_wconf 81' lang='lat' dir='ltr'>cogitationes</span> <span class='ocrx_word' id='word_1_85' title='bbox 1572 696 1671 726; x_wconf 82' lang='lat' dir='ltr'>suaS,</span> <span class='ocrx_word' id='word_1_86' title='bbox 1690 696 1764 719; x_wconf 89' lang='lat' dir='ltr'>mu-</span> 
     </span>
     <span class='ocr_line' id='line_1_10' title="bbox 78 742 1766 803; baseline -0.007 -12"><span class='ocrx_word' id='word_1_87' title='bbox 78 764 247 803; x_wconf 77' lang='lat' dir='ltr'>tuamque</span> <span class='ocrx_word' id='word_1_88' title='bbox 276 761 438 788; x_wconf 87' lang='lat' dir='ltr'>naturam</span> <span class='ocrx_word' id='word_1_89' title='bbox 467 749 687 797; x_wconf 86' lang='lat' dir='ltr'>aliquatenus</span> <span class='ocrx_word' id='word_1_90' title='bbox 715 753 873 781; x_wconf 79' lang='lat' dir='ltr'>noscunt</span> <span class='ocrx_word' id='word_1_91' title='bbox 903 746 979 793; x_wconf 81' lang='lat'>(1)3</span> <span class='ocrx_word' id='word_1_92' title='bbox 1008 758 1108 792; x_wconf 87' lang='lat' dir='ltr'>porro</span> <span class='ocrx_word' id='word_1_93' title='bbox 1137 743 1314 792; x_wconf 84' lang='lat' dir='ltr'>quoddam</span> <span class='ocrx_word' id='word_1_94' title='bbox 1344 742 1684 791; x_wconf 80' lang='lat' dir='ltr'>circumscriptionis</span> <span class='ocrx_word' id='word_1_95' title='bbox 1711 759 1766 792; x_wconf 87' lang='lat' dir='ltr'>ge—</span> 
     </span>
     <span class='ocr_line' id='line_1_11' title="bbox 78 803 1764 859; baseline -0.007 -8"><span class='ocrx_word' id='word_1_96' title='bbox 78 830 166 859; x_wconf 87' lang='lat' dir='ltr'>nus,</span> <span class='ocrx_word' id='word_1_97' title='bbox 191 823 240 850; x_wconf 86' lang='lat' dir='ltr'>est</span> <span class='ocrx_word' id='word_1_98' title='bbox 261 814 365 848; x_wconf 87' lang='lat' dir='ltr'>etiam</span> <span class='ocrx_word' id='word_1_99' title='bbox 394 808 672 858; x_wconf 84' lang='lat' dir='ltr'>comprehensio.</span> <span class='ocrx_word' id='word_1_100' title='bbox 705 807 868 855; x_wconf 86' lang='lat' dir='ltr'>Cumque</span> <span class='ocrx_word' id='word_1_101' title='bbox 891 806 961 841; x_wconf 88' lang='lat' dir='ltr'>sint</span> <span class='ocrx_word' id='word_1_102' title='bbox 981 814 1139 847; x_wconf 79' lang='lat' dir='ltr'>mentes,</span> <span class='ocrx_word' id='word_1_103' title='bbox 1161 805 1199 839; x_wconf 90' lang='lat' dir='ltr'>in</span> <span class='ocrx_word' id='word_1_104' title='bbox 1227 803 1526 839; x_wconf 84' lang='lat' dir='ltr'>intellectualibus</span> <span class='ocrx_word' id='word_1_105' title='bbox 1552 803 1634 838; x_wconf 87' lang='lat' dir='ltr'>locis</span> <span class='ocrx_word' id='word_1_106' title='bbox 1658 814 1764 848; x_wconf 88' lang='lat' dir='ltr'>sunt,</span> 
     </span>
     <span class='ocr_line' id='line_1_12' title="bbox 78 864 1764 920; baseline -0.007 -8"><span class='ocrx_word' id='word_1_107' title='bbox 78 876 175 912; x_wconf 84' lang='lat' dir='ltr'>haud</span> <span class='ocrx_word' id='word_1_108' title='bbox 195 888 274 910; x_wconf 83' lang='lat' dir='ltr'>vero</span> <span class='ocrx_word' id='word_1_109' title='bbox 296 871 524 920; x_wconf 77' lang='lat' dir='ltr'>corporaliter</span> <span class='ocrx_word' id='word_1_110' title='bbox 544 878 605 904; x_wconf 87' lang='lat' dir='ltr'>aut</span> <span class='ocrx_word' id='word_1_111' title='bbox 626 868 841 904; x_wconf 79' lang='lat' dir='ltr'>sensibiliter</span> <span class='ocrx_word' id='word_1_112' title='bbox 862 867 1067 902; x_wconf 84' lang='lat' dir='ltr'>limitantur.</span> <span class='ocrx_word' id='word_1_113' title='bbox 1091 864 1179 900; x_wconf 85' lang='lat' dir='ltr'>Sine</span> <span class='ocrx_word' id='word_1_114' title='bbox 1205 879 1346 913; x_wconf 80' lang='lat' dir='ltr'>corpore</span> <span class='ocrx_word' id='word_1_115' title='bbox 1367 873 1502 907; x_wconf 85' lang='lat' dir='ltr'>autem,</span> <span class='ocrx_word' id='word_1_116' title='bbox 1521 864 1671 913; x_wconf 85' lang='lat' dir='ltr'>ideoque</span> <span class='ocrx_word' id='word_1_117' title='bbox 1690 866 1764 900; x_wconf 85' lang='lat' dir='ltr'>sine</span> 
     </span>
     <span class='ocr_line' id='line_1_13' title="bbox 78 925 1765 985; baseline -0.006 -13"><span class='ocrx_word' id='word_1_118' title='bbox 78 939 190 985; x_wconf 80' lang='lat' dir='ltr'>figura</span> <span class='ocrx_word' id='word_1_119' title='bbox 203 965 210 978; x_wconf 83' lang='lat'>,</span> <span class='ocrx_word' id='word_1_120' title='bbox 228 935 302 970; x_wconf 87' lang='lat' dir='ltr'>sine</span> <span class='ocrx_word' id='word_1_121' title='bbox 323 933 434 975; x_wconf 82' lang='lat' dir='ltr'>mole,</span> <span class='ocrx_word' id='word_1_122' title='bbox 451 931 527 967; x_wconf 88' lang='lat' dir='ltr'>sine</span> <span class='ocrx_word' id='word_1_123' title='bbox 549 932 657 966; x_wconf 88' lang='lat' dir='ltr'>forma</span> <span class='ocrx_word' id='word_1_124' title='bbox 678 943 862 978; x_wconf 83' lang='lat' dir='ltr'>corporea,</span> <span class='ocrx_word' id='word_1_125' title='bbox 879 928 1006 964; x_wconf 86' lang='lat' dir='ltr'>merito</span> <span class='ocrx_word' id='word_1_126' title='bbox 1028 941 1074 962; x_wconf 89' lang='lat' dir='ltr'>ne</span> <span class='ocrx_word' id='word_1_127' title='bbox 1095 927 1173 962; x_wconf 84' lang='lat' dir='ltr'>loco</span> <span class='ocrx_word' id='word_1_128' title='bbox 1190 926 1336 975; x_wconf 85' lang='lat' dir='ltr'>quidem</span> <span class='ocrx_word' id='word_1_129' title='bbox 1354 925 1509 961; x_wconf 86' lang='lat' dir='ltr'>sensibili</span> <span class='ocrx_word' id='word_1_130' title='bbox 1526 926 1765 962; x_wconf 84' lang='lat' dir='ltr'>continentur.</span> 
     </span>
     <span class='ocr_line' id='line_1_14' title="bbox 80 986 1764 1042; baseline -0.006 -10"><span class='ocrx_word' id='word_1_131' title='bbox 80 997 152 1033; x_wconf 85' lang='lat' dir='ltr'>Sed</span> <span class='ocrx_word' id='word_1_132' title='bbox 179 997 266 1031; x_wconf 91' lang='lat' dir='ltr'>haec</span> <span class='ocrx_word' id='word_1_133' title='bbox 294 1003 390 1030; x_wconf 78' lang='lat' dir='ltr'>extra</span> <span class='ocrx_word' id='word_1_134' title='bbox 410 992 630 1042; x_wconf 77' lang='lat' dir='ltr'>propositum</span> <span class='ocrx_word' id='word_1_135' title='bbox 659 1000 824 1026; x_wconf 86' lang='lat' dir='ltr'>nostrum</span> <span class='ocrx_word' id='word_1_136' title='bbox 843 998 935 1025; x_wconf 87' lang='lat' dir='ltr'>sunt.</span> <span class='ocrx_word' id='word_1_137' title='bbox 965 988 1047 1024; x_wconf 84' lang='lat' dir='ltr'>Non</span> <span class='ocrx_word' id='word_1_138' title='bbox 1075 987 1170 1023; x_wconf 89' lang='lat' dir='ltr'>enim</span> <span class='ocrx_word' id='word_1_139' title='bbox 1198 996 1318 1022; x_wconf 85' lang='lat' dir='ltr'>utrum</span> <span class='ocrx_word' id='word_1_140' title='bbox 1345 986 1698 1030; x_wconf 79' lang='lat' dir='ltr'>circumscribantur,</span> <span class='ocrx_word' id='word_1_141' title='bbox 1720 1002 1764 1023; x_wconf 89' lang='lat' dir='ltr'>an</span> 
     </span>
     <span class='ocr_line' id='line_1_15' title="bbox 75 1047 1765 1100; baseline -0.005 -8"><span class='ocrx_word' id='word_1_142' title='bbox 75 1070 198 1100; x_wconf 85' lang='lat' dir='ltr'>secus,</span> <span class='ocrx_word' id='word_1_143' title='bbox 220 1069 317 1091; x_wconf 88' lang='lat' dir='ltr'>nune</span> <span class='ocrx_word' id='word_1_144' title='bbox 346 1068 531 1096; x_wconf 81' lang='lat' dir='ltr'>curamus,</span> <span class='ocrx_word' id='word_1_145' title='bbox 554 1052 614 1088; x_wconf 87' lang='lat' dir='ltr'>sed</span> <span class='ocrx_word' id='word_1_146' title='bbox 642 1066 686 1087; x_wconf 88' lang='lat' dir='ltr'>an</span> <span class='ocrx_word' id='word_1_147' title='bbox 716 1051 815 1100; x_wconf 84' lang='lat' dir='ltr'>pingi</span> <span class='ocrx_word' id='word_1_148' title='bbox 843 1065 884 1086; x_wconf 88' lang='lat' dir='ltr'>ac</span> <span class='ocrx_word' id='word_1_149' title='bbox 913 1049 1053 1098; x_wconf 83' lang='lat' dir='ltr'>figurari</span> <span class='ocrx_word' id='word_1_150' title='bbox 1081 1057 1224 1098; x_wconf 85' lang='lat' dir='ltr'>queant.</span> <span class='ocrx_word' id='word_1_151' title='bbox 1253 1047 1421 1096; x_wconf 86' lang='lat' dir='ltr'>Oportuit</span> <span class='ocrx_word' id='word_1_152' title='bbox 1450 1057 1570 1083; x_wconf 86' lang='lat' dir='ltr'>autem</span> <span class='ocrx_word' id='word_1_153' title='bbox 1595 1049 1660 1084; x_wconf 89' lang='lat' dir='ltr'>boc</span> <span class='ocrx_word' id='word_1_154' title='bbox 1688 1048 1765 1084; x_wconf 91' lang='lat' dir='ltr'>loco</span> 
     </span>
     <span class='ocr_line' id='line_1_16' title="bbox 77 1109 1766 1166; baseline -0.005 -13"><span class='ocrx_word' id='word_1_155' title='bbox 77 1117 284 1166; x_wconf 82' lang='lat' dir='ltr'>principalia</span> <span class='ocrx_word' id='word_1_156' title='bbox 306 1129 427 1151; x_wconf 85' lang='lat' dir='ltr'>rerum</span> <span class='ocrx_word' id='word_1_157' title='bbox 447 1115 570 1150; x_wconf 87' lang='lat' dir='ltr'>harum</span> <span class='ocrx_word' id='word_1_158' title='bbox 590 1126 758 1161; x_wconf 86' lang='lat' dir='ltr'>usurpare</span> <span class='ocrx_word' id='word_1_159' title='bbox 780 1111 967 1158; x_wconf 65' lang='lat' dir='ltr'>vocabulag</span> <span class='ocrx_word' id='word_1_160' title='bbox 988 1124 1077 1159; x_wconf 85' lang='lat' dir='ltr'>quae</span> <span class='ocrx_word' id='word_1_161' title='bbox 1099 1117 1272 1159; x_wconf 86' lang='lat' dir='ltr'>quatenus</span> <span class='ocrx_word' id='word_1_162' title='bbox 1294 1109 1385 1144; x_wconf 78' lang='lat' dir='ltr'>iuter</span> <span class='ocrx_word' id='word_1_163' title='bbox 1405 1123 1440 1144; x_wconf 87' lang='lat' dir='ltr'>se</span> <span class='ocrx_word' id='word_1_164' title='bbox 1461 1109 1642 1153; x_wconf 78' lang='lat' dir='ltr'>dIsferant,</span> <span class='ocrx_word' id='word_1_165' title='bbox 1664 1110 1766 1158; x_wconf 86' lang='lat' dir='ltr'>paulo</span> 
     </span>
     <span class='ocr_line' id='line_1_17' title="bbox 80 1178 338 1228; baseline -0.008 -14"><span class='ocrx_word' id='word_1_166' title='bbox 80 1187 156 1228; x_wconf 86' lang='lat' dir='ltr'>post</span> <span class='ocrx_word' id='word_1_167' title='bbox 184 1178 338 1213; x_wconf 88' lang='lat' dir='ltr'>dicetur.</span> 
     </span>
    </p>

    <p class='ocr_par' dir='ltr' id='par_1_3' title="bbox 77 1233 1771 1712">
     <span class='ocr_line' id='line_1_18' title="bbox 186 1233 1769 1286; baseline -0.004 -12"><span class='ocrx_word' id='word_1_168' title='bbox 186 1240 217 1275; x_wconf 81' lang='grc'>8.</span> <span class='ocrx_word' id='word_1_169' title='bbox 246 1238 291 1273; x_wconf 84' lang='lat' dir='ltr'>Et</span> <span class='ocrx_word' id='word_1_170' title='bbox 318 1237 504 1273; x_wconf 82' lang='lat' dir='ltr'>Mamonas</span> <span class='ocrx_word' id='word_1_171' title='bbox 532 1235 680 1286; x_wconf 85' lang='lat' dir='ltr'>quidem</span> <span class='ocrx_word' id='word_1_172' title='bbox 707 1249 886 1271; x_wconf 85' lang='lat' dir='ltr'>sermones</span> <span class='ocrx_word' id='word_1_173' title='bbox 911 1248 993 1270; x_wconf 81' lang='lat' dir='ltr'>suos</span> <span class='ocrx_word' id='word_1_174' title='bbox 1022 1247 1106 1270; x_wconf 89' lang='lat' dir='ltr'>cum</span> <span class='ocrx_word' id='word_1_175' title='bbox 1134 1233 1352 1269; x_wconf 85' lang='lat' dir='ltr'>simulatione</span> <span class='ocrx_word' id='word_1_176' title='bbox 1378 1233 1622 1283; x_wconf 79' lang='lat' dir='ltr'>hypocrisique</span> <span class='ocrx_word' id='word_1_177' title='bbox 1651 1234 1769 1269; x_wconf 87' lang='lat' dir='ltr'>effere-</span> 
     </span>
     <span class='ocr_line' id='line_1_19' title="bbox 77 1295 1770 1346; baseline -0.004 -12"><span class='ocrx_word' id='word_1_178' title='bbox 77 1300 158 1342; x_wconf 81' lang='lat' dir='ltr'>bat,</span> <span class='ocrx_word' id='word_1_179' title='bbox 174 1299 261 1334; x_wconf 83' lang='lat' dir='ltr'>dans</span> <span class='ocrx_word' id='word_1_180' title='bbox 285 1297 408 1333; x_wconf 87' lang='lat' dir='ltr'>callide</span> <span class='ocrx_word' id='word_1_181' title='bbox 430 1311 568 1346; x_wconf 88' lang='lat' dir='ltr'>operam</span> <span class='ocrx_word' id='word_1_182' title='bbox 590 1305 630 1333; x_wconf 89' lang='lat' dir='ltr'>ut</span> <span class='ocrx_word' id='word_1_183' title='bbox 651 1297 746 1344; x_wconf 81' lang='lat' dir='ltr'>frugi</span> <span class='ocrx_word' id='word_1_184' title='bbox 767 1296 897 1344; x_wconf 84' lang='lat' dir='ltr'>aliquid</span> <span class='ocrx_word' id='word_1_185' title='bbox 917 1295 1095 1330; x_wconf 82' lang='lat' dir='ltr'>videretur</span> <span class='ocrx_word' id='word_1_186' title='bbox 1115 1295 1340 1330; x_wconf 86' lang='lat' dir='ltr'>multitudini</span> <span class='ocrx_word' id='word_1_187' title='bbox 1360 1295 1395 1329; x_wconf 89' lang='lat' dir='ltr'>in</span> <span class='ocrx_word' id='word_1_188' title='bbox 1416 1295 1593 1343; x_wconf 83' lang='lat' dir='ltr'>proposito</span> <span class='ocrx_word' id='word_1_189' title='bbox 1617 1309 1679 1330; x_wconf 91' lang='lat' dir='ltr'>suo</span> <span class='ocrx_word' id='word_1_190' title='bbox 1701 1308 1770 1329; x_wconf 90' lang='lat' dir='ltr'>me-</span> 
     </span>
     <span class='ocr_line' id='line_1_20' title="bbox 80 1355 1770 1406; baseline -0.002 -12"><span class='ocrx_word' id='word_1_191' title='bbox 80 1359 192 1394; x_wconf 86' lang='lat' dir='ltr'>ditari.</span> <span class='ocrx_word' id='word_1_192' title='bbox 220 1358 272 1393; x_wconf 84' lang='lat' dir='ltr'>Re</span> <span class='ocrx_word' id='word_1_193' title='bbox 296 1367 415 1393; x_wconf 88' lang='lat' dir='ltr'>tamen</span> <span class='ocrx_word' id='word_1_194' title='bbox 435 1372 515 1393; x_wconf 84' lang='lat' dir='ltr'>vera</span> <span class='ocrx_word' id='word_1_195' title='bbox 538 1365 783 1406; x_wconf 86' lang='lat' dir='ltr'>praepotenter</span> <span class='ocrx_word' id='word_1_196' title='bbox 811 1356 880 1391; x_wconf 80' lang='lat' dir='ltr'>vim</span> <span class='ocrx_word' id='word_1_197' title='bbox 902 1355 1109 1398; x_wconf 79' lang='lat' dir='ltr'>adhibebat,</span> <span class='ocrx_word' id='word_1_198' title='bbox 1132 1369 1201 1404; x_wconf 85' lang='lat' dir='ltr'>qua</span> <span class='ocrx_word' id='word_1_199' title='bbox 1223 1364 1352 1391; x_wconf 84' lang='lat' dir='ltr'>cuncta</span> <span class='ocrx_word' id='word_1_200' title='bbox 1373 1356 1439 1390; x_wconf 86' lang='lat' dir='ltr'>sibi</span> <span class='ocrx_word' id='word_1_201' title='bbox 1462 1355 1586 1404; x_wconf 87' lang='lat' dir='ltr'>placita</span> <span class='ocrx_word' id='word_1_202' title='bbox 1607 1369 1770 1404; x_wconf 84' lang='lat' dir='ltr'>exseque-</span> 
     </span>
     <span class='ocr_line' id='line_1_21' title="bbox 79 1415 1767 1467; baseline -0.002 -13"><span class='ocrx_word' id='word_1_203' title='bbox 79 1420 192 1454; x_wconf 88' lang='lat' dir='ltr'>batur.</span> <span class='ocrx_word' id='word_1_204' title='bbox 216 1418 287 1454; x_wconf 79' lang='lat' dir='ltr'>Sed</span> <span class='ocrx_word' id='word_1_205' title='bbox 311 1418 407 1454; x_wconf 91' lang='lat' dir='ltr'>enim</span> <span class='ocrx_word' id='word_1_206' title='bbox 428 1432 493 1454; x_wconf 89' lang='lat' dir='ltr'>nos</span> <span class='ocrx_word' id='word_1_207' title='bbox 515 1418 578 1467; x_wconf 92' lang='lat' dir='ltr'>qui</span> <span class='ocrx_word' id='word_1_208' title='bbox 598 1418 749 1453; x_wconf 70' lang='lat' dir='ltr'>veritatis</span> <span class='ocrx_word' id='word_1_209' title='bbox 771 1416 970 1452; x_wconf 86' lang='lat' dir='ltr'>doctrinam</span> <span class='ocrx_word' id='word_1_210' title='bbox 991 1415 1234 1460; x_wconf 81' lang='lat' dir='ltr'>defendimus,</span> <span class='ocrx_word' id='word_1_211' title='bbox 1254 1416 1368 1464; x_wconf 86' lang='lat' dir='ltr'>deque</span> <span class='ocrx_word' id='word_1_212' title='bbox 1391 1417 1456 1451; x_wconf 88' lang='lat' dir='ltr'>hae</span> <span class='ocrx_word' id='word_1_213' title='bbox 1477 1416 1580 1451; x_wconf 65' lang='lat' dir='ltr'>verba</span> <span class='ocrx_word' id='word_1_214' title='bbox 1600 1416 1767 1458; x_wconf 85' lang='lat' dir='ltr'>facimus,</span> 
     </span>
     <span class='ocr_line' id='line_1_22' title="bbox 78 1476 1770 1528; baseline -0.001 -14"><span class='ocrx_word' id='word_1_215' title='bbox 78 1479 174 1528; x_wconf 84' lang='lat' dir='ltr'>quod</span> <span class='ocrx_word' id='word_1_216' title='bbox 194 1479 309 1526; x_wconf 84' lang='lat' dir='ltr'>angeli</span> <span class='ocrx_word' id='word_1_217' title='bbox 329 1479 518 1527; x_wconf 85' lang='lat' dir='ltr'>pingantur</span> <span class='ocrx_word' id='word_1_218' title='bbox 534 1492 574 1513; x_wconf 92' lang='lat' dir='ltr'>ac</span> <span class='ocrx_word' id='word_1_219' title='bbox 590 1479 809 1526; x_wconf 88' lang='lat' dir='ltr'>figurentur,</span> <span class='ocrx_word' id='word_1_220' title='bbox 826 1477 980 1512; x_wconf 79' lang='lat' dir='ltr'>breviter</span> <span class='ocrx_word' id='word_1_221' title='bbox 1000 1477 1118 1512; x_wconf 90' lang='lat' dir='ltr'>omnia</span> <span class='ocrx_word' id='word_1_222' title='bbox 1137 1476 1411 1525; x_wconf 83' lang='lat' dir='ltr'>complectentes</span> <span class='ocrx_word' id='word_1_223' title='bbox 1432 1477 1646 1512; x_wconf 89' lang='lat' dir='ltr'>docebimus.</span> <span class='ocrx_word' id='word_1_224' title='bbox 1664 1477 1770 1512; x_wconf 79' lang='lat' dir='ltr'>Nam-</span> 
     </span>
     <span class='ocr_line' id='line_1_23' title="bbox 78 1537 1770 1589; baseline -0.002 -14"><span class='ocrx_word' id='word_1_225' title='bbox 78 1555 146 1589; x_wconf 87' lang='lat' dir='ltr'>que</span> <span class='ocrx_word' id='word_1_226' title='bbox 167 1555 204 1575; x_wconf 89' lang='lat' dir='ltr'>m</span> <span class='ocrx_word' id='word_1_227' title='bbox 225 1540 344 1589; x_wconf 88' lang='lat' dir='ltr'>primis</span> <span class='ocrx_word' id='word_1_228' title='bbox 365 1540 401 1575; x_wconf 88' lang='lat' dir='ltr'>id</span> <span class='ocrx_word' id='word_1_229' title='bbox 423 1541 512 1575; x_wconf 89' lang='lat' dir='ltr'>facta</span> <span class='ocrx_word' id='word_1_230' title='bbox 533 1548 729 1582; x_wconf 85' lang='lat' dir='ltr'>testantur,</span> <span class='ocrx_word' id='word_1_231' title='bbox 752 1553 841 1588; x_wconf 90' lang='lat' dir='ltr'>quae</span> <span class='ocrx_word' id='word_1_232' title='bbox 871 1539 1019 1574; x_wconf 80' lang='lat' dir='ltr'>obiectis</span> <span class='ocrx_word' id='word_1_233' title='bbox 1047 1537 1139 1573; x_wconf 75' lang='lat' dir='ltr'>visui</span> <span class='ocrx_word' id='word_1_234' title='bbox 1161 1546 1284 1573; x_wconf 82' lang='lat' dir='ltr'>nostro</span> <span class='ocrx_word' id='word_1_235' title='bbox 1309 1538 1518 1586; x_wconf 90' lang='lat' dir='ltr'>spectaculis</span> <span class='ocrx_word' id='word_1_236' title='bbox 1547 1547 1623 1573; x_wconf 88' lang='lat' dir='ltr'>tuto</span> <span class='ocrx_word' id='word_1_237' title='bbox 1647 1539 1770 1573; x_wconf 84' lang='lat' dir='ltr'>confir-</span> 
     </span>
     <span class='ocr_line' id='line_1_24' title="bbox 79 1599 1771 1651; baseline -0.002 -14"><span class='ocrx_word' id='word_1_238' title='bbox 79 1611 229 1637; x_wconf 87' lang='lat' dir='ltr'>mantur.</span> <span class='ocrx_word' id='word_1_239' title='bbox 256 1601 399 1651; x_wconf 80' lang='lat' dir='ltr'>Ubique</span> <span class='ocrx_word' id='word_1_240' title='bbox 430 1601 525 1636; x_wconf 85' lang='lat' dir='ltr'>enim</span> <span class='ocrx_word' id='word_1_241' title='bbox 553 1610 722 1636; x_wconf 87' lang='lat' dir='ltr'>terrarum</span> <span class='ocrx_word' id='word_1_242' title='bbox 748 1615 809 1649; x_wconf 87' lang='lat' dir='ltr'>per</span> <span class='ocrx_word' id='word_1_243' title='bbox 836 1614 929 1636; x_wconf 89' lang='lat' dir='ltr'>sacra</span> <span class='ocrx_word' id='word_1_244' title='bbox 956 1600 1086 1649; x_wconf 86' lang='lat' dir='ltr'>templa</span> <span class='ocrx_word' id='word_1_245' title='bbox 1110 1599 1304 1635; x_wconf 81' lang='lat' dir='ltr'>historiales</span> <span class='ocrx_word' id='word_1_246' title='bbox 1327 1600 1483 1648; x_wconf 87' lang='lat' dir='ltr'>picturae</span> <span class='ocrx_word' id='word_1_247' title='bbox 1510 1600 1694 1635; x_wconf 84' lang='lat' dir='ltr'>abundant</span> <span class='ocrx_word' id='word_1_248' title='bbox 1721 1613 1771 1634; x_wconf 86' lang='lat' dir='ltr'>sa-</span> 
     </span>
     <span class='ocr_line' id='line_1_25' title="bbox 80 1661 1771 1712; baseline -0.001 -14"><span class='ocrx_word' id='word_1_249' title='bbox 80 1662 150 1698; x_wconf 82' lang='lat' dir='ltr'>cris</span> <span class='ocrx_word' id='word_1_250' title='bbox 177 1663 466 1712; x_wconf 87' lang='lat' dir='ltr'>incorporearum</span> <span class='ocrx_word' id='word_1_251' title='bbox 492 1662 730 1711; x_wconf 78' lang='lat' dir='ltr'>potentiarum</span> <span class='ocrx_word' id='word_1_252' title='bbox 758 1662 900 1710; x_wconf 80' lang='lat' dir='ltr'>figuriS,</span> <span class='ocrx_word' id='word_1_253' title='bbox 927 1662 963 1696; x_wconf 88' lang='lat' dir='ltr'>id</span> <span class='ocrx_word' id='word_1_254' title='bbox 991 1662 1085 1710; x_wconf 89' lang='lat' dir='ltr'>quod</span> <span class='ocrx_word' id='word_1_255' title='bbox 1112 1676 1132 1697; x_wconf 93' lang='lat' dir='ltr'>a</span> <span class='ocrx_word' id='word_1_256' title='bbox 1162 1661 1352 1696; x_wconf 87' lang='lat' dir='ltr'>catholicae</span> <span class='ocrx_word' id='word_1_257' title='bbox 1381 1661 1550 1697; x_wconf 84' lang='lat' dir='ltr'>ecclesiae</span> <span class='ocrx_word' id='word_1_258' title='bbox 1576 1661 1771 1710; x_wconf 84' lang='lat' dir='ltr'>antiquitus</span> 
     </span>
    </p>
   </div>
   <div class='ocr_carea' id='block_1_3' title="bbox 79 1722 1772 1772">
    <p class='ocr_par' dir='ltr' id='par_1_4' title="bbox 79 1722 1772 1772">
     <span class='ocr_line' id='line_1_26' title="bbox 79 1722 1772 1772; baseline -0.001 -14"><span class='ocrx_word' id='word_1_259' title='bbox 79 1732 223 1772; x_wconf 86' lang='lat' dir='ltr'>accepta</span> <span class='ocrx_word' id='word_1_260' title='bbox 251 1723 439 1759; x_wconf 82' lang='lat' dir='ltr'>traditione</span> <span class='ocrx_word' id='word_1_261' title='bbox 467 1723 537 1758; x_wconf 67' lang='lat' dir='ltr'>vim</span> <span class='ocrx_word' id='word_1_262' title='bbox 565 1731 678 1760; x_wconf 88' lang='lat' dir='ltr'>tenet:</span> <span class='ocrx_word' id='word_1_263' title='bbox 701 1723 805 1759; x_wconf 84' lang='lat' dir='ltr'>cuius</span> <span class='ocrx_word' id='word_1_264' title='bbox 834 1723 886 1758; x_wconf 87' lang='lat' dir='ltr'>rei</span> <span class='ocrx_word' id='word_1_265' title='bbox 913 1723 1256 1758; x_wconf 88' lang='lat' dir='ltr'>demonstrationem</span> <span class='ocrx_word' id='word_1_266' title='bbox 1283 1722 1485 1771; x_wconf 82' lang='lat' dir='ltr'>exquirere,</span> <span class='ocrx_word' id='word_1_267' title='bbox 1508 1736 1650 1757; x_wconf 89' lang='lat' dir='ltr'>omnem</span> <span class='ocrx_word' id='word_1_268' title='bbox 1672 1736 1772 1770; x_wconf 87' lang='lat' dir='ltr'>supc-</span> 
     </span>
    </p>
   </div>
   <div class='ocr_carea' id='block_1_4' title="bbox 79 1783 1771 2689">
    <p class='ocr_par' dir='ltr' id='par_1_5' title="bbox 79 1783 1771 2567">
     <span class='ocr_line' id='line_1_27' title="bbox 80 1783 1769 1834; baseline 0 -15"><span class='ocrx_word' id='word_1_269' title='bbox 80 1794 133 1820; x_wconf 81' lang='lat' dir='ltr'>rat</span> <span class='ocrx_word' id='word_1_270' title='bbox 160 1784 385 1820; x_wconf 82' lang='lat' dir='ltr'>stoliditatem</span> <span class='ocrx_word' id='word_1_271' title='bbox 410 1787 516 1834; x_wconf 79' lang='lat' dir='ltr'>atq&#39;ue</span> <span class='ocrx_word' id='word_1_272' title='bbox 538 1785 734 1821; x_wconf 85' lang='lat' dir='ltr'>stultitiam.</span> <span class='ocrx_word' id='word_1_273' title='bbox 763 1784 907 1820; x_wconf 88' lang='lat' dir='ltr'>Deinde</span> <span class='ocrx_word' id='word_1_274' title='bbox 937 1785 1037 1819; x_wconf 90' lang='lat' dir='ltr'>etiam</span> <span class='ocrx_word' id='word_1_275' title='bbox 1058 1799 1075 1819; x_wconf 94' lang='lat' dir='ltr'>a</span> <span class='ocrx_word' id='word_1_276' title='bbox 1098 1784 1301 1819; x_wconf 84' lang='lat' dir='ltr'>divinorum</span> <span class='ocrx_word' id='word_1_277' title='bbox 1321 1784 1543 1820; x_wconf 87' lang='lat' dir='ltr'>oraculorum</span> <span class='ocrx_word' id='word_1_278' title='bbox 1569 1783 1769 1832; x_wconf 85' lang='lat' dir='ltr'>magisterio</span> 
     </span>
     <span class='ocr_line' id='line_1_28' title="bbox 80 1844 1768 1894; baseline 0.001 -15"><span class='ocrx_word' id='word_1_279' title='bbox 80 1845 178 1879; x_wconf 78' lang='lat' dir='ltr'>idem</span> <span class='ocrx_word' id='word_1_280' title='bbox 200 1845 382 1881; x_wconf 85' lang='lat' dir='ltr'>docemur.</span> <span class='ocrx_word' id='word_1_281' title='bbox 412 1846 528 1894; x_wconf 83' lang='lat' dir='ltr'>Atque</span> <span class='ocrx_word' id='word_1_282' title='bbox 550 1854 589 1881; x_wconf 91' lang='lat' dir='ltr'>ut</span> <span class='ocrx_word' id='word_1_283' title='bbox 610 1859 628 1880; x_wconf 95' lang='lat' dir='ltr'>a</span> <span class='ocrx_word' id='word_1_284' title='bbox 650 1846 837 1894; x_wconf 82' lang='lat' dir='ltr'>principali</span> <span class='ocrx_word' id='word_1_285' title='bbox 858 1844 1005 1894; x_wconf 86' lang='lat' dir='ltr'>Deoque</span> <span class='ocrx_word' id='word_1_286' title='bbox 1028 1845 1185 1894; x_wconf 78' lang='lat' dir='ltr'>proximo</span> <span class='ocrx_word' id='word_1_287' title='bbox 1207 1845 1438 1894; x_wconf 80' lang='lat' dir='ltr'>primitusque</span> <span class='ocrx_word' id='word_1_288' title='bbox 1459 1845 1555 1880; x_wconf 88' lang='lat' dir='ltr'>illinc</span> <span class='ocrx_word' id='word_1_289' title='bbox 1579 1845 1768 1892; x_wconf 78' lang='lat' dir='ltr'>effulgente</span> 
     </span>
     <span class='ocr_line' id='line_1_29' title="bbox 79 1905 1771 1954; baseline 0.001 -15"><span class='ocrx_word' id='word_1_290' title='bbox 79 1905 205 1940; x_wconf 85' lang='lat' dir='ltr'>ordine</span> <span class='ocrx_word' id='word_1_291' title='bbox 227 1907 277 1954; x_wconf 75' lang='lat'>(2)</span> <span class='ocrx_word' id='word_1_292' title='bbox 298 1905 546 1949; x_wconf 85' lang='lat' dir='ltr'>exordiamur,</span> <span class='ocrx_word' id='word_1_293' title='bbox 563 1906 745 1941; x_wconf 83' lang='lat' dir='ltr'>videamus</span> <span class='ocrx_word' id='word_1_294' title='bbox 763 1906 849 1954; x_wconf 87' lang='lat' dir='ltr'>quid</span> <span class='ocrx_word' id='word_1_295' title='bbox 872 1906 915 1941; x_wconf 79' lang='lat' dir='ltr'>de</span> <span class='ocrx_word' id='word_1_296' title='bbox 938 1906 1150 1941; x_wconf 88' lang='lat' dir='ltr'>ornamentis</span> <span class='ocrx_word' id='word_1_297' title='bbox 1172 1920 1271 1941; x_wconf 89' lang='lat' dir='ltr'>arcae</span> <span class='ocrx_word' id='word_1_298' title='bbox 1290 1906 1329 1940; x_wconf 91' lang='lat' dir='ltr'>in</span> <span class='ocrx_word' id='word_1_299' title='bbox 1351 1906 1451 1953; x_wconf 88' lang='lat' dir='ltr'>legali</span> <span class='ocrx_word' id='word_1_300' title='bbox 1468 1906 1696 1941; x_wconf 89' lang='lat' dir='ltr'>tabernaculo</span> <span class='ocrx_word' id='word_1_301' title='bbox 1712 1920 1771 1954; x_wconf 88' lang='lat' dir='ltr'>po-</span> 
     </span>
     <span class='ocr_line' id='line_1_30' title="bbox 79 1965 1769 2016; baseline 0.002 -16"><span class='ocrx_word' id='word_1_302' title='bbox 79 1965 163 2000; x_wconf 71' lang='lat' dir='ltr'>sitae</span> <span class='ocrx_word' id='word_1_303' title='bbox 180 1965 313 2001; x_wconf 81' lang='lat' dir='ltr'>Paulus</span> <span class='ocrx_word' id='word_1_304' title='bbox 330 1967 423 2002; x_wconf 85' lang='lat' dir='ltr'>dicat</span> <span class='ocrx_word' id='word_1_305' title='bbox 438 1968 472 2003; x_wconf 39' lang='grc' dir='ltr'>’ἦ</span> <span class='ocrx_word' id='word_1_306' title='bbox 491 1974 514 1988; x_wconf 70' lang='lat'>&#39;²</span> <span class='ocrx_word' id='word_1_307' title='bbox 536 1981 710 2016; x_wconf 86' lang='lat' dir='ltr'>superque</span> <span class='ocrx_word' id='word_1_308' title='bbox 727 1980 802 2002; x_wconf 88' lang='lat' dir='ltr'>eam</span> <span class='ocrx_word' id='word_1_309' title='bbox 820 1966 1019 2002; x_wconf 86' lang='lat' dir='ltr'>Cherubim</span> <span class='ocrx_word' id='word_1_310' title='bbox 1036 1967 1162 2014; x_wconf 87' lang='lat' dir='ltr'>gloriae</span> <span class='ocrx_word' id='word_1_311' title='bbox 1181 1967 1423 2002; x_wconf 89' lang='lat' dir='ltr'>ubumbrantia</span> <span class='ocrx_word' id='word_1_312' title='bbox 1440 1967 1729 2016; x_wconf 87' lang='lat' dir='ltr'>propitiatorium.</span> <span class='ocrx_word' id='word_1_313' title='bbox 1746 1996 1769 2011; x_wconf 89' lang='lat'><strong>„</strong></span> 
     </span>
     <span class='ocr_line' id='line_1_31' title="bbox 83 2025 1769 2077; baseline 0.002 -17"><span class='ocrx_word' id='word_1_314' title='bbox 83 2025 286 2062; x_wconf 87' lang='lat' dir='ltr'>Cherubini</span> <span class='ocrx_word' id='word_1_315' title='bbox 306 2037 427 2062; x_wconf 89' lang='lat' dir='ltr'>autem</span> <span class='ocrx_word' id='word_1_316' title='bbox 450 2027 574 2075; x_wconf 78' lang='lat' dir='ltr'>gloriae</span> <span class='ocrx_word' id='word_1_317' title='bbox 589 2056 597 2071; x_wconf 91' lang='lat'>,</span> <span class='ocrx_word' id='word_1_318' title='bbox 620 2027 801 2075; x_wconf 83' lang='lat' dir='ltr'>glorificati</span> <span class='ocrx_word' id='word_1_319' title='bbox 815 2057 823 2072; x_wconf 88' lang='lat'>,</span> <span class='ocrx_word' id='word_1_320' title='bbox 845 2037 880 2063; x_wconf 87' lang='lat' dir='ltr'>et</span> <span class='ocrx_word' id='word_1_321' title='bbox 901 2028 1062 2075; x_wconf 82' lang='lat' dir='ltr'>gloriosi,</span> <span class='ocrx_word' id='word_1_322' title='bbox 1083 2037 1118 2063; x_wconf 88' lang='lat' dir='ltr'>et</span> <span class='ocrx_word' id='word_1_323' title='bbox 1139 2028 1231 2063; x_wconf 90' lang='lat' dir='ltr'>infra</span> <span class='ocrx_word' id='word_1_324' title='bbox 1251 2027 1368 2063; x_wconf 89' lang='lat' dir='ltr'>Deum</span> <span class='ocrx_word' id='word_1_325' title='bbox 1382 2057 1389 2071; x_wconf 93' lang='lat'>,</span> <span class='ocrx_word' id='word_1_326' title='bbox 1412 2029 1491 2064; x_wconf 90' lang='lat' dir='ltr'>iure</span> <span class='ocrx_word' id='word_1_327' title='bbox 1512 2029 1707 2077; x_wconf 86' lang='lat' dir='ltr'>meritoque</span> <span class='ocrx_word' id='word_1_328' title='bbox 1728 2029 1769 2063; x_wconf 90' lang='lat' dir='ltr'>ab</span> 
     </span>
     <span class='ocr_line' id='line_1_32' title="bbox 81 2087 1769 2138; baseline 0.002 -17"><span class='ocrx_word' id='word_1_329' title='bbox 81 2087 250 2123; x_wconf 77' lang='lat' dir='ltr'>ecclesiae</span> <span class='ocrx_word' id='word_1_330' title='bbox 277 2088 452 2136; x_wconf 83' lang='lat' dir='ltr'>magistris</span> <span class='ocrx_word' id='word_1_331' title='bbox 484 2089 686 2126; x_wconf 83' lang='lat' dir='ltr'>creduntur.</span> <span class='ocrx_word' id='word_1_332' title='bbox 716 2089 828 2124; x_wconf 91' lang='lat' dir='ltr'>Porro</span> <span class='ocrx_word' id='word_1_333' title='bbox 850 2090 1039 2136; x_wconf 75' lang='lat' dir='ltr'>significari</span> <span class='ocrx_word' id='word_1_334' title='bbox 1058 2090 1124 2125; x_wconf 88' lang='lat' dir='ltr'>hoc</span> <span class='ocrx_word' id='word_1_335' title='bbox 1146 2089 1292 2125; x_wconf 89' lang='lat' dir='ltr'>nomine</span> <span class='ocrx_word' id='word_1_336' title='bbox 1316 2090 1450 2138; x_wconf 90' lang='lat' dir='ltr'>copiam</span> <span class='ocrx_word' id='word_1_337' title='bbox 1471 2090 1637 2125; x_wconf 84' lang='lat' dir='ltr'>scientiae</span> <span class='ocrx_word' id='word_1_338' title='bbox 1665 2098 1769 2138; x_wconf 88' lang='lat' dir='ltr'>atque</span> 
     </span>
     <span class='ocr_line' id='line_1_33' title="bbox 81 2148 1769 2198; baseline 0.003 -17"><span class='ocrx_word' id='word_1_339' title='bbox 81 2148 292 2183; x_wconf 80' lang='lat' dir='ltr'>effusionem</span> <span class='ocrx_word' id='word_1_340' title='bbox 312 2149 524 2197; x_wconf 88' lang='lat' dir='ltr'>sapientiae,</span> <span class='ocrx_word' id='word_1_341' title='bbox 546 2149 790 2185; x_wconf 86' lang='lat' dir='ltr'>Hebraeorum</span> <span class='ocrx_word' id='word_1_342' title='bbox 816 2150 937 2198; x_wconf 85' lang='lat' dir='ltr'>lingua</span> <span class='ocrx_word' id='word_1_343' title='bbox 958 2150 1062 2186; x_wconf 72' lang='lat' dir='ltr'>novit.</span> <span class='ocrx_word' id='word_1_344' title='bbox 1092 2150 1247 2197; x_wconf 86' lang='lat' dir='ltr'>Quinam</span> <span class='ocrx_word' id='word_1_345' title='bbox 1274 2165 1354 2187; x_wconf 73' lang='lat' dir='ltr'>vero</span> <span class='ocrx_word' id='word_1_346' title='bbox 1375 2151 1411 2185; x_wconf 92' lang='lat' dir='ltr'>hi</span> <span class='ocrx_word' id='word_1_347' title='bbox 1435 2152 1541 2187; x_wconf 78' lang='lat' dir='ltr'>sunt?</span> <span class='ocrx_word' id='word_1_348' title='bbox 1570 2150 1609 2185; x_wconf 85' lang='lat' dir='ltr'>Si</span> <span class='ocrx_word' id='word_1_349' title='bbox 1632 2151 1769 2186; x_wconf 55' lang='lat' dir='ltr'>blamo-</span> 
     </span>
     <span class='ocr_line' id='line_1_34' title="bbox 82 2210 1768 2260; baseline 0.002 -17"><span class='ocrx_word' id='word_1_350' title='bbox 82 2222 143 2243; x_wconf 79' lang='lat' dir='ltr'>nas</span> <span class='ocrx_word' id='word_1_351' title='bbox 172 2223 276 2244; x_wconf 87' lang='lat' dir='ltr'>aures</span> <span class='ocrx_word' id='word_1_352' title='bbox 303 2210 427 2245; x_wconf 89' lang='lat' dir='ltr'>auditu</span> <span class='ocrx_word' id='word_1_353' title='bbox 455 2211 628 2258; x_wconf 89' lang='lat' dir='ltr'>praeditas</span> <span class='ocrx_word' id='word_1_354' title='bbox 656 2211 818 2254; x_wconf 84' lang='lat' dir='ltr'>haberet,</span> <span class='ocrx_word' id='word_1_355' title='bbox 841 2211 992 2246; x_wconf 82' lang='lat' dir='ltr'>audisset</span> <span class='ocrx_word' id='word_1_356' title='bbox 1012 2212 1135 2260; x_wconf 79' lang='lat' dir='ltr'>utique</span> <span class='ocrx_word' id='word_1_357' title='bbox 1159 2212 1410 2260; x_wconf 86' lang='lat' dir='ltr'>manifesteque</span> <span class='ocrx_word' id='word_1_358' title='bbox 1433 2212 1673 2260; x_wconf 81' lang='lat' dir='ltr'>cognovisset,</span> <span class='ocrx_word' id='word_1_359' title='bbox 1694 2226 1768 2247; x_wconf 87' lang='lat' dir='ltr'>non</span> 
     </span>
     <span class='ocr_line' id='line_1_35' title="bbox 81 2269 1769 2321; baseline 0.003 -18"><span class='ocrx_word' id='word_1_360' title='bbox 81 2269 156 2303; x_wconf 88' lang='lat' dir='ltr'>illos</span> <span class='ocrx_word' id='word_1_361' title='bbox 177 2270 437 2317; x_wconf 84' lang='lat' dir='ltr'>augustissimos</span> <span class='ocrx_word' id='word_1_362' title='bbox 463 2270 692 2307; x_wconf 85' lang='lat' dir='ltr'>Cherubinos</span> <span class='ocrx_word' id='word_1_363' title='bbox 713 2272 764 2306; x_wconf 85' lang='lat' dir='ltr'>his</span> <span class='ocrx_word' id='word_1_364' title='bbox 785 2272 897 2307; x_wconf 74' lang='lat' dir='ltr'>verbis</span> <span class='ocrx_word' id='word_1_365' title='bbox 920 2272 1112 2320; x_wconf 84' lang='lat' dir='ltr'>designari,</span> <span class='ocrx_word' id='word_1_366' title='bbox 1132 2273 1195 2321; x_wconf 90' lang='lat' dir='ltr'>qui</span> <span class='ocrx_word' id='word_1_367' title='bbox 1218 2281 1303 2308; x_wconf 89' lang='lat' dir='ltr'>sunt</span> <span class='ocrx_word' id='word_1_368' title='bbox 1324 2273 1543 2321; x_wconf 83' lang='lat' dir='ltr'>incorporei,</span> <span class='ocrx_word' id='word_1_369' title='bbox 1561 2273 1636 2308; x_wconf 87' lang='lat' dir='ltr'>sine</span> <span class='ocrx_word' id='word_1_370' title='bbox 1657 2275 1769 2309; x_wconf 86' lang='lat' dir='ltr'>forma</span> 
     </span>
     <span class='ocr_line' id='line_1_36' title="bbox 80 2331 1769 2382; baseline 0.002 -17"><span class='ocrx_word' id='word_1_371' title='bbox 80 2339 187 2378; x_wconf 82' lang='lat' dir='ltr'>atque</span> <span class='ocrx_word' id='word_1_372' title='bbox 209 2331 341 2378; x_wconf 83' lang='lat' dir='ltr'>figura,</span> <span class='ocrx_word' id='word_1_373' title='bbox 364 2331 620 2367; x_wconf 86' lang='lat' dir='ltr'>intellectuales</span> <span class='ocrx_word' id='word_1_374' title='bbox 642 2346 682 2367; x_wconf 86' lang='lat' dir='ltr'>ac</span> <span class='ocrx_word' id='word_1_375' title='bbox 703 2332 905 2379; x_wconf 74' lang='lat' dir='ltr'>rationales3</span> <span class='ocrx_word' id='word_1_376' title='bbox 928 2333 987 2368; x_wconf 86' lang='lat' dir='ltr'>sed</span> <span class='ocrx_word' id='word_1_377' title='bbox 1008 2347 1123 2368; x_wconf 85' lang='lat' dir='ltr'>sacras</span> <span class='ocrx_word' id='word_1_378' title='bbox 1143 2333 1258 2382; x_wconf 87' lang='lat' dir='ltr'>potius</span> <span class='ocrx_word' id='word_1_379' title='bbox 1279 2333 1419 2368; x_wconf 84' lang='lat' dir='ltr'>illorum</span> <span class='ocrx_word' id='word_1_380' title='bbox 1439 2334 1625 2381; x_wconf 86' lang='lat' dir='ltr'>imagines,</span> <span class='ocrx_word' id='word_1_381' title='bbox 1646 2348 1686 2369; x_wconf 77' lang='lat' dir='ltr'>ex</span> <span class='ocrx_word' id='word_1_382' title='bbox 1708 2348 1769 2382; x_wconf 88' lang='lat' dir='ltr'>pu-</span> 
     </span>
     <span class='ocr_line' id='line_1_37' title="bbox 81 2391 1767 2444; baseline 0.002 -19"><span class='ocrx_word' id='word_1_383' title='bbox 81 2391 217 2426; x_wconf 78' lang='lat' dir='ltr'>rissima</span> <span class='ocrx_word' id='word_1_384' title='bbox 237 2392 593 2441; x_wconf 82' lang='lat' dir='ltr'>splendidissimaque</span> <span class='ocrx_word' id='word_1_385' title='bbox 616 2394 757 2428; x_wconf 84' lang='lat' dir='ltr'>materia</span> <span class='ocrx_word' id='word_1_386' title='bbox 779 2395 984 2442; x_wconf 89' lang='lat' dir='ltr'>compositas</span> <span class='ocrx_word' id='word_1_387' title='bbox 999 2423 1006 2437; x_wconf 88' lang='lat'>,</span> <span class='ocrx_word' id='word_1_388' title='bbox 1029 2395 1144 2429; x_wconf 87' lang='lat' dir='ltr'>aureis</span> <span class='ocrx_word' id='word_1_389' title='bbox 1166 2394 1306 2429; x_wconf 85' lang='lat' dir='ltr'>laminis</span> <span class='ocrx_word' id='word_1_390' title='bbox 1332 2409 1510 2444; x_wconf 87' lang='lat' dir='ltr'>aureaque</span> <span class='ocrx_word' id='word_1_391' title='bbox 1534 2396 1706 2431; x_wconf 86' lang='lat' dir='ltr'>caelatura</span> <span class='ocrx_word' id='word_1_392' title='bbox 1726 2396 1767 2430; x_wconf 83' lang='lat' dir='ltr'>ab</span> 
     </span>
     <span class='ocr_line' id='line_1_38' title="bbox 80 2453 1767 2501; baseline 0.004 -15"><span class='ocrx_word' id='word_1_393' title='bbox 80 2453 243 2488; x_wconf 82' lang='lat' dir='ltr'>humanis</span> <span class='ocrx_word' id='word_1_394' title='bbox 266 2454 430 2488; x_wconf 88' lang='lat' dir='ltr'>manibus</span> <span class='ocrx_word' id='word_1_395' title='bbox 449 2453 525 2489; x_wconf 87' lang='lat' dir='ltr'>Deo</span> <span class='ocrx_word' id='word_1_396' title='bbox 545 2454 692 2489; x_wconf 87' lang='lat' dir='ltr'>iubente</span> <span class='ocrx_word' id='word_1_397' title='bbox 714 2455 898 2490; x_wconf 84' lang='lat' dir='ltr'>fabricatas</span> <span class='ocrx_word' id='word_1_398' title='bbox 914 2457 950 2498; x_wconf 45' lang='grc' dir='ltr'>ξ,</span> <span class='ocrx_word' id='word_1_399' title='bbox 969 2455 1161 2497; x_wconf 84' lang='lat' dir='ltr'>inanimes,</span> <span class='ocrx_word' id='word_1_400' title='bbox 1179 2455 1253 2490; x_wconf 87' lang='lat' dir='ltr'>sine</span> <span class='ocrx_word' id='word_1_401' title='bbox 1272 2465 1368 2491; x_wconf 88' lang='lat' dir='ltr'>motu</span> <span class='ocrx_word' id='word_1_402' title='bbox 1387 2471 1426 2491; x_wconf 92' lang='lat' dir='ltr'>ac</span> <span class='ocrx_word' id='word_1_403' title='bbox 1443 2471 1568 2501; x_wconf 84' lang='lat' dir='ltr'>sensu,</span> <span class='ocrx_word' id='word_1_404' title='bbox 1590 2457 1709 2492; x_wconf 87' lang='lat' dir='ltr'>eodem</span> <span class='ocrx_word' id='word_1_405' title='bbox 1727 2471 1767 2492; x_wconf 83' lang='lat' dir='ltr'>ac</span> 
     </span>
     <span class='ocr_line' id='line_1_39' title="bbox 79 2513 1765 2567; baseline 0.004 -20"><span class='ocrx_word' id='word_1_406' title='bbox 79 2513 129 2547; x_wconf 88' lang='lat' dir='ltr'>illi</span> <span class='ocrx_word' id='word_1_407' title='bbox 148 2514 294 2548; x_wconf 88' lang='lat' dir='ltr'>nomine</span> <span class='ocrx_word' id='word_1_408' title='bbox 321 2514 526 2563; x_wconf 86' lang='lat' dir='ltr'>appellatas,</span> <span class='ocrx_word' id='word_1_409' title='bbox 549 2515 791 2563; x_wconf 86' lang='lat' dir='ltr'>appellationis</span> <span class='ocrx_word' id='word_1_410' title='bbox 819 2515 924 2550; x_wconf 89' lang='lat' dir='ltr'>simul</span> <span class='ocrx_word' id='word_1_411' title='bbox 952 2516 1136 2565; x_wconf 82' lang='lat' dir='ltr'>participes</span> <span class='ocrx_word' id='word_1_412' title='bbox 1158 2525 1191 2551; x_wconf 87' lang='lat' dir='ltr'>et</span> <span class='ocrx_word' id='word_1_413' title='bbox 1212 2516 1340 2564; x_wconf 86' lang='lat' dir='ltr'>gloriae</span> <span class='ocrx_word' id='word_1_414' title='bbox 1361 2517 1557 2566; x_wconf 78' lang='lat' dir='ltr'>gratiaeque</span> <span class='ocrx_word' id='word_1_415' title='bbox 1578 2527 1765 2567; x_wconf 80' lang='lat' dir='ltr'>compotes,</span> 
     </span>
    </p>

    <p class='ocr_par' dir='ltr' id='par_1_6' title="bbox 81 2573 1765 2689">
     <span class='ocr_line' id='line_1_40' title="bbox 185 2573 1765 2625; baseline 0.003 -16"><span class='ocrx_word' id='word_1_416' title='bbox 185 2573 285 2620; x_wconf 83' lang='lat' dir='ltr'>Quid</span> <span class='ocrx_word' id='word_1_417' title='bbox 315 2589 394 2622; x_wconf 84' lang='lat' dir='ltr'>ergo</span> <span class='ocrx_word' id='word_1_418' title='bbox 423 2576 502 2610; x_wconf 81' lang='lat' dir='ltr'>{ieri</span> <span class='ocrx_word' id='word_1_419' title='bbox 525 2577 732 2625; x_wconf 72' lang='lat' dir='ltr'>oportebat?</span> <span class='ocrx_word' id='word_1_420' title='bbox 764 2575 920 2612; x_wconf 86' lang='lat' dir='ltr'>Credere</span> <span class='ocrx_word' id='word_1_421' title='bbox 942 2577 1021 2613; x_wconf 76' lang='lat' dir='ltr'>his?</span> <span class='ocrx_word' id='word_1_422' title='bbox 1044 2591 1089 2612; x_wconf 88' lang='lat' dir='ltr'>an</span> <span class='ocrx_word' id='word_1_423' title='bbox 1110 2577 1266 2613; x_wconf 89' lang='lat' dir='ltr'>Paulum</span> <span class='ocrx_word' id='word_1_424' title='bbox 1286 2579 1370 2614; x_wconf 86' lang='lat' dir='ltr'>haee</span> <span class='ocrx_word' id='word_1_425' title='bbox 1392 2579 1573 2614; x_wconf 88' lang='lat' dir='ltr'>dicentem</span> <span class='ocrx_word' id='word_1_426' title='bbox 1594 2580 1765 2615; x_wconf 68' lang='lat' dir='ltr'>reiicerel&#39;</span> 
     </span>
     <span class='ocr_line' id='line_1_41' title="bbox 81 2632 1764 2689; baseline 0.004 -20"><span class='ocrx_word' id='word_1_427' title='bbox 81 2632 287 2671; x_wconf 70' lang='lat' dir='ltr'>iucundum</span> <span class='ocrx_word' id='word_1_428' title='bbox 314 2637 380 2672; x_wconf 88' lang='lat' dir='ltr'>hoc</span> <span class='ocrx_word' id='word_1_429' title='bbox 409 2645 618 2686; x_wconf 83' lang='lat' dir='ltr'>gratumque</span> <span class='ocrx_word' id='word_1_430' title='bbox 647 2637 836 2673; x_wconf 80' lang='lat' dir='ltr'>Mamonae</span> <span class='ocrx_word' id='word_1_431' title='bbox 864 2638 1008 2681; x_wconf 86' lang='lat' dir='ltr'>suisset,</span> <span class='ocrx_word' id='word_1_432' title='bbox 1032 2638 1154 2687; x_wconf 86' lang='lat' dir='ltr'>procul</span> <span class='ocrx_word' id='word_1_433' title='bbox 1183 2653 1308 2688; x_wconf 86' lang='lat' dir='ltr'>nempe</span> <span class='ocrx_word' id='word_1_434' title='bbox 1330 2641 1372 2675; x_wconf 89' lang='lat' dir='ltr'>ab</span> <span class='ocrx_word' id='word_1_435' title='bbox 1393 2640 1577 2689; x_wconf 87' lang='lat' dir='ltr'>apostolica</span> <span class='ocrx_word' id='word_1_436' title='bbox 1604 2640 1764 2676; x_wconf 85' lang='lat' dir='ltr'>doctrina</span> 
     </span>
    </p>
   </div>
   <div class='ocr_carea' id='block_1_5' title="bbox 79 2763 1763 2845">
    <p class='ocr_par' dir='ltr' id='par_1_7' title="bbox 79 2763 1763 2845">
     <span class='ocr_line' id='line_1_42' title="bbox 162 2763 1763 2804; baseline 0.002 -15"><span class='ocrx_word' id='word_1_437' title='bbox 162 2764 196 2793; x_wconf 70' lang='lat' dir='ltr'>(t)-</span> <span class='ocrx_word' id='word_1_438' title='bbox 216 2763 274 2790; x_wconf 83' lang='lat' dir='ltr'>Hac</span> <span class='ocrx_word' id='word_1_439' title='bbox 291 2771 375 2799; x_wconf 82' lang='lat' dir='ltr'>super</span> <span class='ocrx_word' id='word_1_440' title='bbox 394 2773 421 2792; x_wconf 84' lang='lat' dir='ltr'>re</span> <span class='ocrx_word' id='word_1_441' title='bbox 441 2764 580 2799; x_wconf 64' lang='lat' dir='ltr'>elegantes</span> <span class='ocrx_word' id='word_1_442' title='bbox 600 2765 706 2801; x_wconf 86' lang='lat' dir='ltr'>aliquot</span> <span class='ocrx_word' id='word_1_443' title='bbox 726 2764 919 2793; x_wconf 83' lang='lat' dir='ltr'>meditationes</span> <span class='ocrx_word' id='word_1_444' title='bbox 934 2766 1023 2794; x_wconf 82' lang='lat' dir='ltr'>Procli</span> <span class='ocrx_word' id='word_1_445' title='bbox 1043 2767 1106 2803; x_wconf 73' lang='lat' dir='ltr'>lycii</span> <span class='ocrx_word' id='word_1_446' title='bbox 1127 2768 1239 2795; x_wconf 82' lang='lat' dir='ltr'>memini</span> <span class='ocrx_word' id='word_1_447' title='bbox 1259 2776 1301 2795; x_wconf 85' lang='lat' dir='ltr'>me</span> <span class='ocrx_word' id='word_1_448' title='bbox 1321 2767 1440 2804; x_wconf 78' lang='lat' dir='ltr'>proferre</span> <span class='ocrx_word' id='word_1_449' title='bbox 1459 2769 1525 2796; x_wconf 84' lang='lat' dir='ltr'>olim</span> <span class='ocrx_word' id='word_1_450' title='bbox 1542 2776 1571 2795; x_wconf 85' lang='lat' dir='ltr'>ex</span> <span class='ocrx_word' id='word_1_451' title='bbox 1587 2767 1677 2794; x_wconf 72' lang='lat' dir='ltr'>codiee</span> <span class='ocrx_word' id='word_1_452' title='bbox 1696 2767 1763 2793; x_wconf 78' lang='lat' dir='ltr'>vati-</span> 
     </span>
     <span class='ocr_line' id='line_1_43' title="bbox 79 2805 1020 2845; baseline 0.007 -15"><span class='ocrx_word' id='word_1_453' title='bbox 79 2811 150 2831; x_wconf 79' lang='lat' dir='ltr'>cano</span> <span class='ocrx_word' id='word_1_454' title='bbox 169 2805 197 2832; x_wconf 92' lang='lat' dir='ltr'>in</span> <span class='ocrx_word' id='word_1_455' title='bbox 216 2806 279 2834; x_wconf 84' lang='lat' dir='ltr'>adn.</span> <span class='ocrx_word' id='word_1_456' title='bbox 301 2808 334 2835; x_wconf 82' lang='lat' dir='ltr'>ad</span> <span class='ocrx_word' id='word_1_457' title='bbox 353 2809 410 2836; x_wconf 90' lang='lat' dir='ltr'>Cic.</span> <span class='ocrx_word' id='word_1_458' title='bbox 432 2809 466 2836; x_wconf 85' lang='lat' dir='ltr'>de</span> <span class='ocrx_word' id='word_1_459' title='bbox 486 2818 543 2845; x_wconf 74' lang='lat' dir='ltr'>rep,</span> <span class='ocrx_word' id='word_1_460' title='bbox 564 2813 622 2837; x_wconf 82' lang='grc' dir='ltr'>ΑΑ.</span> <span class='ocrx_word' id='word_1_461' title='bbox 645 2810 726 2837; x_wconf 86' lang='lat' dir='ltr'>class.</span> <span class='ocrx_word' id='word_1_462' title='bbox 747 2811 779 2837; x_wconf 83' lang='lat' dir='ltr'>T.</span> <span class='ocrx_word' id='word_1_463' title='bbox 801 2811 822 2836; x_wconf 88' lang='lat'>1.</span> <span class='ocrx_word' id='word_1_464' title='bbox 844 2819 870 2845; x_wconf 92' lang='lat' dir='ltr'>p.</span> <span class='ocrx_word' id='word_1_465' title='bbox 892 2814 1020 2839; x_wconf 72' lang='grc'><strong>366-388.</strong></span> 
     </span>
    </p>
   </div>
   <div class='ocr_carea' id='block_1_6' title="bbox 80 2851 1762 2936">
    <p class='ocr_par' dir='ltr' id='par_1_8' title="bbox 80 2851 1762 2936">
     <span class='ocr_line' id='line_1_44' title="bbox 164 2851 1762 2892; baseline 0.001 -12"><span class='ocrx_word' id='word_1_466' title='bbox 164 2852 197 2881; x_wconf 72' lang='grc'>’2)</span> <span class='ocrx_word' id='word_1_467' title='bbox 217 2851 248 2877; x_wconf 87' lang='lat' dir='ltr'>In</span> <span class='ocrx_word' id='word_1_468' title='bbox 267 2859 364 2885; x_wconf 74' lang='lat' dir='ltr'>graeco</span> <span class='ocrx_word' id='word_1_469' title='bbox 383 2853 476 2881; x_wconf 75' lang='lat' dir='ltr'>codtce</span> <span class='ocrx_word' id='word_1_470' title='bbox 496 2854 659 2882; x_wconf 75' lang='lat' dir='ltr'>vocabulum</span> <span class='ocrx_word' id='word_1_471' title='bbox 681 2857 773 2888; x_wconf 55' lang='grc' dir='ltr'>τάξεως</span> <span class='ocrx_word' id='word_1_472' title='bbox 795 2855 863 2881; x_wconf 82' lang='lat' dir='ltr'>iacet</span> <span class='ocrx_word' id='word_1_473' title='bbox 882 2855 910 2881; x_wconf 90' lang='lat' dir='ltr'>in</span> <span class='ocrx_word' id='word_1_474' title='bbox 932 2856 1056 2891; x_wconf 74' lang='lat' dir='ltr'>margine</span> <span class='ocrx_word' id='word_1_475' title='bbox 1075 2865 1088 2883; x_wconf 81' lang='lat' dir='ltr'>a</span> <span class='ocrx_word' id='word_1_476' title='bbox 1109 2856 1228 2884; x_wconf 80' lang='lat' dir='ltr'>secunda</span> <span class='ocrx_word' id='word_1_477' title='bbox 1249 2865 1332 2884; x_wconf 85' lang='lat' dir='ltr'>manu</span> <span class='ocrx_word' id='word_1_478' title='bbox 1351 2857 1483 2892; x_wconf 81' lang='lat' dir='ltr'>seriptum</span> <span class='ocrx_word' id='word_1_479' title='bbox 1503 2857 1561 2883; x_wconf 83' lang='lat' dir='ltr'>siue</span> <span class='ocrx_word' id='word_1_480' title='bbox 1581 2853 1681 2882; x_wconf 83' lang='lat' dir='ltr'>indicio</span> <span class='ocrx_word' id='word_1_481' title='bbox 1700 2862 1762 2889; x_wconf 83' lang='lat' dir='ltr'>pro-</span> 
     </span>
     <span class='ocr_line' id='line_1_45' title="bbox 80 2892 952 2936; baseline 0.011 -18"><span class='ocrx_word' id='word_1_482' title='bbox 80 2893 154 2926; x_wconf 69' lang='lat' dir='ltr'>piiae</span> <span class='ocrx_word' id='word_1_483' title='bbox 172 2892 259 2925; x_wconf 83' lang='lat' dir='ltr'>sedis.</span> <span class='ocrx_word' id='word_1_484' title='bbox 279 2903 362 2931; x_wconf 80' lang='lat' dir='ltr'>quam</span> <span class='ocrx_word' id='word_1_485' title='bbox 381 2905 456 2925; x_wconf 82' lang='lat' dir='ltr'>nunc</span> <span class='ocrx_word' id='word_1_486' title='bbox 475 2898 569 2926; x_wconf 82' lang='lat' dir='ltr'>iudico</span> <span class='ocrx_word' id='word_1_487' title='bbox 588 2907 646 2927; x_wconf 83' lang='lat' dir='ltr'>esse</span> <span class='ocrx_word' id='word_1_488' title='bbox 664 2905 725 2935; x_wconf 81' lang='lat' dir='ltr'>post</span> <span class='ocrx_word' id='word_1_489' title='bbox 746 2901 952 2936; x_wconf 62' lang='grc' dir='ltr'>ἐλλαμπομένης.</span> 
     </span>
    </p>
   </div>
   <div class='ocr_carea' id='block_1_7' title="bbox 1626 2956 1657 2980">
    <p class='ocr_par' dir='ltr' id='par_1_9' title="bbox 1626 2956 1657 2980">
     <span class='ocr_line' id='line_1_46' title="bbox 1626 2956 1657 2980; baseline 0 0"><span class='ocrx_word' id='word_1_490' title='bbox 1626 2956 1657 2980; x_wconf 88' lang='grc'>10</span> 
     </span>
    </p>
   </div>
   <div class='ocr_carea' id='block_1_8' title="bbox 1807 1675 1927 1700">
    <p class='ocr_par' dir='ltr' id='par_1_10' title="bbox 1807 1675 1927 1700">
     <span class='ocr_line' id='line_1_47' title="bbox 1807 1675 1927 1700; baseline 0 -6"><span class='ocrx_word' id='word_1_491' title='bbox 1807 1675 1844 1695; x_wconf 54' lang='grc' dir='ltr'>(η,</span> <span class='ocrx_word' id='word_1_492' title='bbox 1859 1680 1880 1700; x_wconf 73' lang='grc' dir='ltr'>ρ,</span> <span class='ocrx_word' id='word_1_493' title='bbox 1897 1679 1927 1695; x_wconf 62' lang='lat' dir='ltr'>ut.</span> 
     </span>
    </p>
   </div>
   <div class='ocr_carea' id='block_1_9' title="bbox 1806 1979 1991 2001">
    <p class='ocr_par' dir='ltr' id='par_1_11' title="bbox 1806 1979 1991 2001">
     <span class='ocr_line' id='line_1_48' title="bbox 1806 1979 1991 2001; baseline -0.011 0"><span class='ocrx_word' id='word_1_494' title='bbox 1806 1979 1815 1989; x_wconf 73' lang='lat'><strong><em>⁹</em></strong></span> <span class='ocrx_word' id='word_1_495' title='bbox 1832 1979 1900 2001; x_wconf 65' lang='lat' dir='ltr'>Ht‘lvr.</span> <span class='ocrx_word' id='word_1_496' title='bbox 1918 1980 1955 2000; x_wconf 82' lang='lat' dir='ltr'>lX.</span> <span class='ocrx_word' id='word_1_497' title='bbox 1972 1982 1991 2000; x_wconf 70' lang='lat'>5.</span> 
     </span>
    </p>
   </div>
   <div class='ocr_carea' id='block_1_10' title="bbox 1803 2468 2008 2499">
    <p class='ocr_par' dir='ltr' id='par_1_12' title="bbox 1803 2468 2008 2499">
     <span class='ocr_line' id='line_1_49' title="bbox 1803 2468 2008 2499; baseline -0.005 -9"><span class='ocrx_word' id='word_1_498' title='bbox 1803 2471 1813 2479; x_wconf 87' lang='lat'>&#39;</span> <span class='ocrx_word' id='word_1_499' title='bbox 1829 2475 1862 2493; x_wconf 65' lang='lat' dir='ltr'>gr.</span> <span class='ocrx_word' id='word_1_500' title='bbox 1884 2468 1920 2490; x_wconf 62' lang='lat' dir='ltr'>{rc</span> <span class='ocrx_word' id='word_1_501' title='bbox 1927 2476 2008 2499; x_wconf 53' lang='lat' dir='ltr'>5²⁷²I⁹</span> 
     </span>
    </p>
   </div>
   <div class='ocr_carea' id='block_1_11' title="bbox 1801 2514 1874 2537">
    <p class='ocr_par' dir='ltr' id='par_1_13' title="bbox 1801 2514 1874 2537">
     <span class='ocr_line' id='line_1_50' title="bbox 1801 2514 1874 2537; baseline -0.014 -8"><span class='ocrx_word' id='word_1_502' title='bbox 1801 2514 1874 2537; x_wconf 65' lang='grc' dir='ltr'><strong><em>μξῖἇί.</em></strong></span> 
     </span>
    </p>
   </div>
  </div>
 </body>
</html>
