2203 3331
626 246 680 277 AD
704 246 735 276 S.
760 241 970 276 THEODORI
993 241 1187 274 STUDITAE
1211 242 1376 274 SCRIPTA

499 336 927 377 EDITORIS
982 334 1502 374 PRAEFATIO.

237 481 269 514 1.
294 439 429 524 Quod
455 490 600 524 magnus
630 477 820 512 Cardinalis
851 475 1020 509 Baronius
1050 473 1152 507 valde
1185 473 1342 519 optavit,
1372 480 1407 506 ut
1435 475 1467 507 S.
1496 474 1669 508 Theodori
1696 474 1850 509 studitae

158 539 286 584 scripta
313 538 496 582 diligenter
523 536 666 570 collecta
687 536 778 581 typis
797 534 984 568 ederentur
1008 531 1038 578 1)
1056 557 1063 571 ,
1085 531 1120 564 id
1141 531 1194 564 xir
1213 530 1430 565 doctissimus
1451 533 1516 565 lac.
1539 533 1744 567 Sirmondus
1761 534 1799 568 S.
1822 534 1848 567 l.

161 595 226 630 sub
252 596 440 641 longaevae
459 596 549 629 vitae
575 605 655 628 suae
681 594 810 627 exitum
837 596 1009 637 praestare
1036 590 1149 635 coepit
1167 615 1175 628 ‚
1204 601 1313 634 quum
1339 590 1407 622 iam
1434 596 1531 623 antea
1552 591 1678 624 multas
1698 591 1852 625 Studitac

159 652 315 687 eiusdem
335 653 498 699 epistolas
512 678 520 691 ‚
549 652 671 685 latinas
692 662 710 683 e
730 650 859 695 graccis
877 660 896 682 a
915 660 950 681 se
971 647 1074 681 factas
1089 673 1096 685 ,
1119 647 1268 681 Baronio
1286 647 1322 680 in
1342 645 1524 681 annalibus
1544 649 1613 681 suis
1632 660 1697 694 pro
1717 660 1754 682 re
1774 656 1852 683 nata

159 711 352 757 vulgandas
372 709 579 744 tradidisset.
599 710 844 742 Verumtamen
865 705 1051 740 Sirmondo
1071 705 1114 739 ad
1133 716 1277 750 superos
1297 704 1481 744 translato,
1505 711 1618 739 tomus
1638 718 1786 752 operum
1805 708 1852 753 ip-

160 768 230 802 sius
256 769 419 814 quintus,
448 768 517 800 iam
544 766 643 811 prelo
663 765 735 799 fere
755 770 910 810 paratus,
932 763 1062 809 prodiit
1083 763 1308 809 posthumus,
1337 763 1522 808 praecipua
1546 763 1699 798 Studitae
1726 765 1852 810 scripta

159 827 356 864 continens,
379 825 413 858 id
434 831 484 859 est
503 824 747 857 antirrheticos
773 828 894 856 contra
921 820 1189 859 lconomachos‚
1212 820 1439 866 epistolarum
1458 819 1568 854 libros
1588 821 1693 860 duos,
1716 829 1749 856 et
1768 823 1854 856 iam-

159 883 318 918 bicorum
344 894 509 916 versuum
536 881 708 915 libellum.
738 881 843 925 Atqui
870 880 977 913 alium
1002 878 1116 913 adhuc
1141 879 1269 912 iustum
1297 885 1430 912 tomum
1456 877 1674 912 edendorum
1699 880 1851 914 Studitae

158 942 368 987 scriptorum
393 939 647 986 expectandum
674 950 766 977 esse,
795 938 874 971 satis
900 942 1059 983 apparet:
1089 948 1169 970 nam
1196 937 1223 970 si
1249 936 1398 981 vulgatis
1424 947 1442 970 a
1469 935 1570 970 nobis
1596 948 1688 970 nunc
1711 937 1853 983 supple-

158 1000 308 1037 mentis,
337 999 593 1043 coniungentur
619 997 784 1043 epistolae
811 996 980 1042 plurimae
1012 994 1189 1034 ineditae,
1221 1006 1309 1039 quae
1340 995 1475 1028 Parisiis
1506 1001 1780 1035 conservantur,
1814 1002 1852 1029 ut

159 1057 249 1091 infra
275 1057 425 1090 diximus
451 1068 486 1102 p.
517 1056 576 1094 99,
606 1066 668 1089 nec
694 1066 765 1088 non
791 1053 1014 1088 catecheseon
1039 1053 1152 1086 maior
1177 1052 1354 1090 collectio,
1388 1052 1430 1086 de
1449 1063 1517 1098 qua
1543 1053 1624 1086 item
1649 1064 1713 1087 nos
1732 1065 1767 1100 p.
1789 1055 1849 1093 77,

159 1115 311 1160 denique
337 1114 439 1147 etiam
473 1113 625 1158 troparia
651 1113 686 1145 in
713 1110 890 1146 codicibus
916 1111 1030 1144 adhuc
1056 1110 1221 1147 latentia:
1249 1110 1507 1144 sirmondianus
1533 1110 1592 1144 ille
1619 1117 1735 1145 tomus
1751 1137 1758 1151 ,
1788 1111 1851 1146 hac

159 1183 250 1206 nova
275 1172 484 1217 scriptorum
511 1170 604 1204 mole
630 1182 773 1216 prorsus
798 1168 1058 1214 exaequabitur.
1088 1170 1219 1214 Reapse
1238 1168 1462 1201 Sirmondum
1482 1168 1525 1202 ad
1545 1168 1753 1203 cumulanda
1775 1171 1849 1204 Stu—

160 1230 252 1263 ditae
278 1230 404 1275 scripta
429 1227 627 1262 incubuisse
643 1254 650 1267 ‚
680 1234 773 1274 patet
799 1228 913 1273 primo
939 1238 979 1261 ex
1006 1225 1218 1272 praefatione
1244 1226 1406 1265 editoris,
1434 1225 1494 1260 ubi
1520 1227 1629 1261 multa
1655 1239 1696 1261 ex
1714 1227 1767 1261 his
1786 1239 1852 1261 no-

160 1288 361 1320 minantur:
390 1286 517 1320 deinde
543 1287 646 1320 etiam
671 1297 711 1319 ex
738 1285 907 1319 Holstenii
933 1284 1078 1329 epistola
1105 1284 1165 1317 77.
1194 1283 1251 1317 ed.
1273 1284 1377 1329 paris.
1400 1295 1436 1329 p.
1459 1285 1542 1318 365.
1564 1285 1608 1318 ad
1628 1285 1851 1319 Sirmondum

159 1344 214 1378 his
239 1343 377 1378 verbis:
403 1358 417 1375 «
437 1345 538 1378 mitto
564 1344 716 1390 troparia
742 1344 774 1377 S.
796 1342 969 1377 Theodori
994 1341 1167 1380 studitae,
1189 1353 1277 1387 quae
1301 1341 1374 1375 sola
1401 1341 1628 1376 describenda
1647 1346 1852 1388 supererant

158 1402 194 1434 in
219 1401 424 1435 collectione
449 1402 522 1435 eius
540 1412 687 1447 operum
704 1413 712 1434 ε
734 1411 910 1434 sermones
927 1400 1020 1434 enim
1040 1400 1267 1445 panegyricos
1285 1399 1351 1432 iam
1371 1399 1415 1432 ad
1434 1405 1467 1433 te
1486 1400 1682 1445 pervenisse
1701 1411 1848 1446 spero.»

231 1458 274 1491 11.
303 1459 365 1492 His
395 1459 511 1504 itaque
544 1459 769 1493 consideratis
800 1459 962 1492 constitui
993 1469 1058 1503 ego
1090 1457 1244 1491 Studitae
1276 1458 1440 1503 prosequi
1473 1457 1672 1491 editionem.
1705 1459 1746 1491 Et
1771 1459 1851 1504 quia

157 1527 251 1550 nunc
277 1516 309 1549 S.
339 1516 575 1562 Nicephorum
607 1523 940 1562 contemporaneum
975 1516 1047 1549 eius
1079 1527 1118 1549 ac
1143 1515 1349 1548 familiarem
1381 1516 1473 1561 typis
1506 1515 1741 1554 tradideram,
1770 1515 1851 1550 huic

157 1572 257 1606 illum
289 1574 503 1619 aptissimum
537 1575 668 1608 socium
701 1575 736 1607 in
767 1574 892 1608 eodem
924 1573 1103 1607 volumine
1122 1573 1371 1618 'copulandum
1401 1573 1562 1607 iudicavi.
1596 1575 1726 1607 Revera
1758 1574 1851 1607 enim

157 1636 324 1675 quantam
350 1621 478 1665 famam
502 1632 593 1665 inter
618 1631 830 1677 patriarchas
855 1630 1072 1676 Nicephorus
1090 1656 1097 1669 ‚
1127 1636 1257 1664 tantam
1282 1631 1373 1665 inter
1398 1637 1535 1665 sanctos
1565 1630 1852 1665 archimandritas

153 1688 358 1722 Theodorus
383 1695 502 1723 nactus
528 1696 604 1723 est:
634 1696 779 1735 uterque
804 1701 888 1723 xero
914 1689 1036 1724 eadem
1062 1690 1098 1723 in
1123 1690 1234 1735 patria
1251 1715 1259 1729 ,
1288 1701 1425 1735 unaque
1451 1695 1560 1724 aetate
1576 1715 1584 1728 ‚
1612 1690 1765 1735 Byzantii
1791 1701 1851 1724 na-

155 1751 211 1779 tus
229 1772 237 1785 ,
266 1753 412 1792 uterque
438 1748 573 1792 scriptis
599 1747 758 1793 plurimis
775 1774 783 1786 ,
811 1754 932 1781 mutuo
959 1747 1184 1794 epistolarum
1211 1748 1421 1781 commercio
1440 1773 1448 1785 ,
1481 1746 1696 1781 confessione
1728 1747 1850 1781 ortho-

154 1802 246 1837 doxa
273 1803 439 1838 adversus
465 1805 713 1839 Iconomachos
730 1831 738 1843 ,
767 1805 972 1838 fortitudine
999 1805 1243 1845 ecclesiastica,
1271 1806 1361 1840 vitae
1387 1805 1612 1839 sanctimonia
1630 1831 1638 1843 ‚
1662 1806 1851 1850 praecipuo

153 1872 296 1906 quoque
322 1873 403 1906 erga
431 1873 610 1896 romanam
637 1862 754 1896 sedem
779 1861 950 1908 obsequio
977 1863 1187 1897 clarissimus
1212 1863 1260 1909 2).
1290 1864 1398 1909 Igitur
1424 1863 1640 1909 perlustratis
1660 1862 1849 1897 bibliothe-

204 1978 229 2008 1)
248 1977 360 2004 Baronii
379 1977 460 2005 verba
480 1977 514 2004 ad
534 1977 638 2005 Christi
664 1986 770 2005 annum
790 1981 851 2005 798.
872 1986 901 2005 n.
921 1978 997 2005 VIII.
1018 1978 1086 2005 haec
1111 1981 1187 2005 sunt.
1217 1979 1333 2005 Utinam
1357 1979 1521 2004 inveniatur
1541 1968 1645 2012 aliquis
1664 1978 1710 2003 rit·
1729 1976 1849 2009 doctas,

154 2021 204 2054 qui
225 2023 326 2048 cuncta
349 2024 524 2048 sanctissimi
545 2024 600 2049 viri
618 2024 734 2057 eqreyz'a
755 2023 937 2049 monumenta
960 2030 974 2048 e
995 2022 1232 2049 bibliothecarum
1253 2022 1431 2049 diversarum
1455 2021 1573 2048 latebris
1588 2022 1743 2056 aliquando
1766 2023 1795 2048 in
1811 2022 1851 2048 la-

157 2070 218 2089 cem
236 2064 378 2097 vindicet,
400 2066 555 2100 eademque
577 2066 740 2100 latizzz'tati,
764 2066 895 2101 beneficio
917 2068 1062 2099 omnium,
1083 2066 1187 2093 donet!

205 2109 231 2139 2)
250 2108 396 2143 Nieephori
419 2110 607 2137 testimonium
628 2110 661 2138 de
680 2119 810 2138 romanae
830 2111 903 2138 sedis
922 2119 1050 2145 suprema
1070 2110 1232 2138 auctoritate
1251 2110 1386 2138 habemus
1405 2111 1434 2137 in
1454 2110 1505 2137 hoe
1531 2110 1670 2138 volumine
1695 2119 1721 2145 p.
1743 2118 1784 2145 gr.
1806 2114 1850 2144 30,

159 2150 212 2177 lat⁴
234 2154 294 2177 174.
315 2155 351 2178 At
369 2152 506 2180 Theodori
531 2155 598 2181 mira
621 2159 648 2181 et
660 2155 779 2190 plurima
793 2160 859 2182 sunt
873 2156 1030 2182 testimonia
1049 2156 1078 2182 in
1100 2155 1239 2182 volumine
1257 2155 1460 2182 sirmondiano:
1479 2163 1564 2189 quare
1585 2163 1598 2182 a
1613 2155 1761 2182 lectoribus
1775 2155 1847 2182 hanc

157 2194 266 2221 veniam
290 2200 352 2230 peto
365 2216 372 2228 ,
392 2201 424 2223 ut
446 2197 474 2223 in
497 2201 573 2225 tanta
593 2198 790 2226 hodiernorum
814 2200 936 2226 hostium
959 2199 1138 2227 insectatione
1157 2205 1184 2227 et
1203 2200 1342 2227 calumnia
1363 2200 1445 2226 liceat
1462 2198 1530 2226 mihi
1551 2200 1581 2226 in
1602 2199 1654 2226 hoc
1674 2199 1747 2227 brevi
1771 2200 1850 2226 scho-

154 2238 192 2265 lio
211 2247 242 2265 ea
263 2247 488 2267 commemorare.
513 2241 559 2267 Sic
572 2249 636 2276 ergo
659 2242 767 2269 Studita
786 2243 816 2270 in
835 2243 926 2270 indice
948 2243 1147 2271 sirmondiano.
1167 2247 1296 2271 Romana
1310 2244 1429 2271 ecclesia
1450 2245 1549 2270 vertex
1567 2243 1761 2270 ecclesiarum.
1779 2245 1848 2271 Uni-

152 2290 253 2309 versae
276 2283 327 2309 sub
359 2284 438 2310 caelo
465 2285 599 2312 ecclesiae
621 2285 851 2320 firmamentum.
880 2288 1077 2315 Ecclesiarum
1099 2290 1150 2315 Dei
1177 2297 1322 2323 suprema.
1346 2290 1444 2315 Prima
1468 2288 1547 2315 sedes
1577 2287 1745 2322 apostolica.
1777 2289 1846 2314 Eius

147 2329 386 2361 praeroyaticae.
413 2330 483 2355 Eius
508 2329 644 2356 iudicium
664 2330 700 2357 ab
720 2333 854 2358 universa
874 2331 993 2358 ecclesia
1014 2334 1128 2367 exquiri
1147 2334 1176 2359 et
1190 2334 1297 2367 suscipi
1313 2332 1434 2366 debere,
1454 2334 1534 2359 vetas
1550 2332 1673 2359 traditio
1690 2334 1740 2359 est.
1762 2332 1849 2359 Sedes

153 2371 195 2396 est
214 2373 303 2398 Petri.
319 2372 389 2398 Inde
407 2374 577 2407 accipienda
591 2374 664 2408 fidei
686 2376 837 2403 certitudo.
858 2379 913 2403 Per
925 2377 1008 2403 illam
1022 2377 1126 2411 fideles
1146 2385 1209 2404 cam
1228 2377 1295 2404 aliis
1312 2377 1494 2411 patriarchis
1514 2379 1543 2403 et
1556 2378 1631 2403 inter
1648 2384 1678 2403 se
1699 2378 1845 2403 uniuntur.

154 2415 311 2442 Universae
337 2416 472 2443 ecclesiae
485 2420 588 2452 portus
601 2419 738 2445 adversus
760 2422 885 2447 omnium
900 2421 1049 2448 haeresum
1059 2421 1215 2456 procellas
1238 2425 1381 2449 Romanas
1400 2423 1545 2456 episcopus
1559 2423 1683 2448 omnium
1697 2423 1844 2455 princeps.

152 2460 284 2486 Summus
294 2462 383 2494 pater
400 2463 531 2495 patrum.
550 2464 678 2489 Primum
691 2464 879 2498 apostolicum
899 2467 987 2500 caput
1001 2466 1133 2492 ecclesiae
1153 2468 1313 2493 *universae
1334 2467 1450 2492 Primae
1469 2466 1544 2492 seclis
1563 2467 1693 2492 antistes,
1714 2466 1847 2491 Palriar·

155 2502 275 2530 charum
293 2505 482 2540 coryphaeus.
508 2509 643 2542 Princeps
661 2511 814 2543 pastorum
835 2509 971 2537 ecclesiae
989 2518 1062 2544 quae
1081 2510 1131 2537 sub
1153 2510 1232 2537 caelo
1253 2513 1304 2537 est.
1328 2512 1512 2545 principatus
1532 2512 1591 2537 eius
1602 2511 1723 2537 (licinus.
1740 2509 1788 2536 Ad
1801 2510 1845 2543 ip-

152 2554 214 2573 sum
234 2546 340 2581 referri
360 2557 469 2576 necesse
493 2552 556 2584 est,
583 2553 608 2577 si
635 2553 704 2586 quid
721 2554 785 2579 novi
800 2553 861 2587 fiat
882 2555 910 2580 in
934 2553 1062 2580 ecclesia.
1086 2554 1121 2581 Id
1143 2554 1180 2581 ab
1202 2556 1284 2581 initio
1302 2557 1449 2581 servatum
1463 2554 1533 2588 suit.
1557 2557 1583 2581 A
1607 2555 1724 2582 Christo
1752 2553 1847 2579 claves

152 2598 205 2623 per
217 2592 415 2620 intermedium
437 2597 466 2622 S.
482 2598 599 2622 Petrum
621 2599 738 2632 accipit.
754 2598 897 2633 Synodion
913 2599 1105 2625 orthodoxam¹
1120 2599 1224 2634 absque
1236 2602 1351 2626 romani
1369 2600 1515 2630 Pontificis
1534 2601 1693 2634 coqnz'tione
1705 2598 1847 2625 celebrari

154 2641 210 2660 non
226 2643 326 2670 posse,
348 2640 468 2673 antiqua
489 2640 611 2667 traditio
632 2644 681 2668 est.
704 2645 778 2669 Huic·
797 2643 927 2677 defertur
942 2645 1071 2678 potestas
1091 2652 1205 2670 samma
1222 2645 1323 2679 synodi
1345 2646 1550 2670 oecumenicae.
1571 2644 1615 2671 Ab
1634 2651 1664 2670 eo
1686 2641 1845 2677 approbari

152 2677 255 2725 debent
275 2682 376 2715 synodi
397 2684 566 2710 nationales.
590 2686 639 2712 Ad
659 2687 751 2720 ipsum
776 2689 938 2714 recurritur
957 2687 990 2714 ob
1010 2689 1218 2723 componendas
1238 2688 1373 2715 ecclesiae
1390 2687 1717 2723 constan[Inopolitaozae
1736 2685 1843 2712 turbas.

152 2720 254 2756 Vides,
267 2722 351 2751 lector
368 2725 503 2762 ingenue,
523 2736 592 2763 quae
613 2729 695 2756 fuerit
709 2730 828 2757 duorum
850 2731 1029 2760 maximorum
1044 2732 1154 2759 saeculo
1174 2740 1247 2759 nono
1269 2740 1382 2767 graecae
1403 2732 1532 2759 ecelesiae
1554 2732 1692 2762 virorum,
1718 2729 1751 2756 de
1773 2737 1841 2756 rom.

151 2764 226 2793 sedis
241 2768 359 2801 primatu
374 2775 401 2797 et
415 2773 576 2800 auctoritate
597 2774 731 2802 iudicium
745 2796 752 2808 ,
773 2775 910 2803 Theodori
931 2776 1037 2803 scilicet
1056 2781 1083 2803 et
1101 2777 1258 2812 Nicephori.
1274 2777 1400 2804 Vidimus
1420 2779 1502 2804 etiam
1517 2778 1565 2809 (in
1578 2775 1661 2810 Spicit
1677 2782 1744 2801 rom.
1757 2775 1788 2800 T.
1800 2774 1840 2801 Χ.

150 2817 177 2844 Ρ·
192 2812 269 2844 293.)
291 2814 474 2848 patriarcham
495 2818 703 2846 sanctissimum
722 2820 868 2848 Nicolaum
889 2820 917 2847 in
943 2821 1057 2855 epistola
1071 2820 1106 2848 ad
1118 2822 1345 2849 r01n.eeclesiaui
1366 2821 1515 2848 concedere
1534 2820 1575 2847 illi
1588 2822 1722 2854 προνόμιον
1750 2819 1841 2845 ἐκκλη-

150 2860 287 2890 σάστῑκῆς
308 2861 451 2898 &asfax-133:
469 2872 551 2900 quem
575 2866 742 2900 primatum,
764 2870 827 2893 ante
844 2866 1002 2894 inimicitias
1019 2871 1158 2903 susceptas
1178 2866 1314 2895 fatebatur
1332 2867 1414 2894 etiam
1430 2867 1544 2893 Photius
1564 2866 1592 2891 in
1613 2863 1727 2899 epistola
1745 2863 1780 2890 ad
1794 2864 1843 2890 Ni-

1732 2918 1749 2938 a
