2203 3331
608 220 775 243 ADVERSL‘S
802 218 1050 242 CONSTAYHNCM
1076 218 1312 242 corltoxmtt'u.
1749 208 1814 242 143

113 291 232 314 sorum
253 277 295 312 ab
316 290 356 312 eo
378 275 634 310 numismatum
657 275 732 323 typi
755 277 818 322 (ι).
847 273 944 308 Hinc
966 287 1021 308 res
1042 272 1192 307 feliciter
1214 282 1322 320 gestas
1346 288 1518 321 cognosce
1532 303 1540 317 ,
1563 273 1756 322 qualesque
1780 282 1813 309 et

111 347 261 389 quantas
288 338 332 372 de
362 337 535 372 extraneis
563 336 729 371 victorias
757 334 944 378 retulerit,
971 343 1006 369 et
1035 333 1212 382 quomodo
1241 333 1291 368 illi
1318 335 1508 382 imperium
1536 336 1750 378 excreverit,
1778 344 1813 370 et

113 402 184 436 vita
210 412 373 448 prospera
400 397 531 441 fuerit,
553 405 587 432 et
614 396 736 432 aetatis
766 396 918 444 spatium
947 403 1124 443 quantum
1150 395 1323 429 humanae
1345 395 1436 430 vitae
1462 396 1603 431 abunde
1626 396 1813 439 convenit,

115 459 316 510 expleverit.
341 459 437 505 Quid
459 472 547 507 opus
569 466 618 492 est
639 457 760 492 dicere
781 469 887 504 quam
908 455 1056 490 illustris
1077 464 1183 503 atque
1206 455 1375 502 gloriosus
1397 457 1511 504 quoad
1534 457 1620 491 vixit
1641 457 1816 493 extiterit?

115 520 222 568 Quod
244 521 273 555 si
296 520 585 555 aedificationum
613 532 717 566 opera
745 516 911 552 admirari
934 516 1001 551 tibi
1028 516 1165 565 placet,
1188 530 1295 551 cerne
1316 517 1352 550 in
1375 518 1523 552 transitu
1546 517 1758 565 Byzantium
1778 518 1815 552 in

114 590 281 630 quantam
303 580 450 628 gloriam
470 588 706 627 ornatumque
728 577 917 619 extulerit,
939 585 1124 626 tantopere
1149 591 1282 624 augens
1297 605 1304 619 ,
1327 576 1461 625 pulcris
1487 578 1670 612 moenibus
1696 578 1817 625 septis—

114 656 209 691 que,
232 650 338 690 prout
365 641 536 676 idoneum
566 648 639 674 erat
666 637 890 686 recipiendae
912 637 1030 685 regiae
1053 637 1299 672 Romanorum
1327 637 1479 673 stationi.
1511 637 1586 672 Cur
1614 652 1817 673 enumerem

117 702 362 737 aedificiorum
388 700 659 736 multitudinem
681 713 721 734 ac
743 698 1029 745 magnitudinem
1043 727 1050 741 ,
1072 699 1203 747 quibus
1227 713 1268 734 ex
1291 698 1458 733 omnibus
1482 711 1654 733 summam
1681 707 1729 733 cst
1751 699 1819 746 glo-

117 764 204 798 riam
233 763 400 811 adeptus,
423 775 510 810 quae
538 775 654 808 neque
675 760 873 794 visentibus
895 759 997 794 facile
1021 767 1069 794 est
1093 759 1395 808 comprehendere
1410 788 1417 801 ,
1441 773 1557 808 neque
1582 760 1817 794 scribentibus

119 824 286 873 possibile
304 832 369 865 *est
397 836 584 870 exponere.
614 821 727 868 Perge
758 835 883 869 porro,
907 829 943 855 ct
970 821 1012 855 ad
1041 821 1205 870 sequiora
1233 829 1391 869 tempora
1412 821 1581 862 veniens,
1603 820 1696 855 disce
1726 835 1816 868 quae

120 893 198 933 post
220 884 322 919 illum
342 897 437 931 reges
459 882 672 918 rectitudine
691 882 894 929 dogmatum
912 882 1062 931 praediti
1083 882 1275 918 effecerint.
1299 881 1428 930 Specta
1446 882 1551 924 mihi,
1573 882 1600 915 si
1618 881 1687 924 vis,
1706 881 1821 917 Theo-

120 945 285 987 dosium,
307 952 349 979 ut
377 944 419 978 de
449 943 620 978 aedificiis
648 956 848 978 sermonem
876 943 1102 986 continuem,
1125 952 1302 992 quantum
1328 943 1488 978 eamdem
1512 941 1746 977 Constantini
1766 957 1822 977 ur-

119 1005 201 1039 bem
228 1004 442 1052 ampliaverit
463 1018 503 1039 ac
526 1004 820 1051 magnificaverit,
844 1012 880 1039 et
901 1004 1020 1052 qualia
1041 1004 1166 1052 templa
1180 1033 1188 1047 ,
1209 1012 1331 1052 utpote
1354 1004 1514 1038 eamdem
1534 1017 1573 1038 ac
1595 1004 1743 1038 maiores
1765 1004 1821 1038 sui

118 1065 348 1100 orthodoxiae
376 1066 551 1100 rationem
578 1065 754 1108 retinens,
778 1065 956 1100 struxerit.
984 1064 1121 1114 Reputa
1142 1078 1321 1100 annorum
1343 1077 1558 1107 numerum,
1582 1064 1645 1113 qui
1672 1064 1734 1098 tibi
1755 1077 1822 1098 ma-

119 1126 212 1162 xime
243 1127 340 1162 cordi
369 1135 421 1162 est
448 1135 481 1161 et
508 1126 690 1174 optabilis,
713 1126 815 1174 regni
845 1126 918 1161 eius
947 1126 1210 1174 prolixitatem,
1232 1134 1271 1161 tu
1300 1126 1362 1174 qui
1389 1125 1662 1160 diuturnitatem
1690 1125 1725 1159 in
1754 1125 1820 1159 hoo

122 1188 258 1222 mundo
286 1196 447 1236 exoptas,
470 1196 504 1222 et
533 1188 644 1222 fluxas
666 1201 721 1222 res
743 1187 994 1222 absurdissime
1023 1186 1172 1222 adamas.
1202 1186 1344 1222 Etenim
1370 1187 1513 1222 duobus
1538 1200 1645 1234 supra
1673 1186 1821 1234 quadra-

122 1248 219 1295 ginta
244 1248 347 1282 annis
374 1248 409 1282 in
435 1248 530 1294 regio
557 1248 683 1282 throno
709 1248 851 1282 refulsit
878 1249 941 1295 (2).

230 1322 287 1357 79.
318 1307 388 1344 Sed
413 1323 477 1343 cur
498 1309 569 1343 iam
595 1309 706 1344 haee?
734 1308 890 1351 §lirarffi
915 1309 942 1342 si
970 1316 1064 1343 certe
1087 1308 1241 1343 melioris
1264 1308 1317 1343 rei
1341 1308 1554 1343 discretione
1576 1308 1684 1356 polles
1709 1309 1748 1350 ἢ,
1771 1307 1822 1342 ari

124 1368 201 1403 eius
223 1369 416 1404 Theodosii
444 1369 561 1416 magni
589 1383 669 1415 erga
699 1368 819 1404 Deum
845 1368 989 1417 Deique
1018 1369 1168 1404 famulos
1195 1370 1440 1405 reverentiam.
1471 1369 1576 1414 Quod
1604 1369 1699 1404 enim
1728 1370 1823 1403 circa

124 1429 321 1464 Servatoris
351 1429 464 1464 nostri
493 1429 781 1464 incarnationem
802 1429 961 1464 studium
982 1429 1160 1477 fidemque
1190 1430 1360 1472 habebat,
1385 1439 1462 1465 tum
1491 1444 1609 1465 sacrae
1637 1430 1732 1477 apud
1760 1443 1824 1464 nos

120 1489 223 1524 aedes
251 1490 293 1524 ab
322 1504 361 1525 eo
390 1490 618 1533 aedificatae,
644 1499 720 1525 tum
750 1491 854 1525 etiam
884 1490 959 1525 illae
989 1490 1027 1525 in
1057 1490 1243 1525 occitlente
1273 1491 1439 1526 fundatae
1471 1493 1520 1538 (3)
1551 1490 1825 1538 depraedicant:

122 1559 200 1585 tum
230 1560 263 1586 et
290 1551 341 1586 illi
369 1551 536 1586 adversus
565 1552 731 1586 barbaras
762 1565 949 1587 concessas
977 1551 1140 1586 victorias
1169 1551 1340 1599 plurimas
1367 1552 1448 1586 libri
1475 1560 1632 1586 narrant.
1663 1551 1825 1597 Quarum

122 1626 244 1647 rerum
273 1613 301 1647 si
322 1613 375 1647 vel
398 1626 505 1647 uuam
534 1613 675 1655 audies,
698 1612 767 1647 nisi
790 1612 851 1647 tibi
877 1612 988 1647 animi
1016 1627 1139 1647 sensus
1167 1626 1308 1660 prorsus
1334 1612 1447 1648 obtusi
1475 1621 1557 1647 sunt
1578 1620 1611 1647 et
1631 1611 1824 1655 debilitati,

123 1687 205 1720 erga
226 1688 368 1722 quoque
392 1682 508 1708 cetera
527 1674 592 1708 viri
613 1673 704 1708 clara
725 1674 885 1708 lacinora
907 1673 1137 1722 propensiore
1161 1674 1278 1708 animo
1307 1674 1384 1708 eris.
1414 1673 1609 1708 llostilIbtis
1637 1673 1825 1721 aliquando

124 1735 263 1783 populis
284 1749 409 1782 magno
431 1749 580 1770 numero
608 1734 970 1783 circumsepientibus
985 1764 993 1778 ,
1015 1735 1219 1783 bellumque
1249 1735 1507 1770 atrocissimum
1535 1735 1802 1770 intendentibus
1816 1763 1824 1777 ,

126 1796 182 1831 ille
211 1804 250 1831 ut
271 1810 368 1831 more
390 1796 551 1844 religioso
573 1797 770 1845 praeditus,
795 1805 828 1831 et
848 1796 919 1831 fide
945 1810 1026 1843 erga
1047 1795 1169 1831 Deum
1195 1796 1439 1844 praefervidus
1454 1825 1461 1839 ,
1483 1797 1578 1844 quod
1603 1797 1634 1831 ei
1655 1796 1826 1844 optimum

126 1857 316 1892 eonsilium
343 1857 396 1892 liis
426 1857 720 1904 contingentibus
751 1871 823 1892 esse
852 1856 1012 1900 solebat,
1042 1870 1168 1905 nempe
1198 1866 1239 1892 ut
1267 1870 1446 1892 armorum
1473 1857 1653 1905 apparatui
1680 1857 1826 1891 minime

126 1918 345 1961 confideret,
367 1932 484 1967 neque
507 1918 549 1953 de
573 1919 798 1953 exercituum
819 1917 1054 1953 multitudine
1077 1932 1150 1953 sese
1173 1918 1343 1961 iactaret,
1367 1932 1432 1952 nee
1455 1918 1606 1952 multum
1628 1917 1826 1952 securitatis

126 1979 161 2013 in
184 1979 343 2014 virorum
371 1979 581 2015 strenuitate
611 1978 822 2022 collocaret,
847 1979 904 2014 sed
927 1978 969 2013 ad
993 1979 1148 2014 divinam
1174 1978 1292 2027 potius
1315 1992 1416 2027 opem
1439 1993 1573 2026 semper
1600 1979 1826 2025 confugeret,

125 2048 215 2075 tunc
246 2041 343 2075 enim
369 2054 450 2075 vero
475 2040 523 2075 ita
545 2055 580 2076 se
604 2041 729 2087 gessit,
752 2049 858 2088 atque
881 2040 1015 2075 invicto
1036 2041 1120 2076 huic
1145 2040 1321 2075 adiutorio
1345 2041 1497 2075 confisus
1528 2049 1588 2075 est.
1616 2039 1716 2074 Misit
1747 2054 1826 2087 ergo

126 2100 169 2135 ad
188 2101 377 2148 quemdam
397 2101 433 2135 in
452 2101 613 2150 Aegypto
634 2100 711 2136 Deo
729 2100 877 2149 plenum
897 2101 1029 2143 virum,
1049 2102 1112 2150 qui
1132 2101 1352 2137 mirabilibus
1373 2102 1537 2149 operibus
1556 2101 1710 2148 inclytus
1730 2109 1825 2142 erat,

127 2161 312 2195 adhortans
341 2175 423 2196 eum
451 2171 490 2197 ut
511 2162 553 2196 ad
576 2177 611 2197 se
634 2163 788 2205 veniret,
812 2163 885 2211 quo
911 2162 1004 2198 illius
1030 2163 1197 2211 precibus
1219 2163 1459 2198 manuductus
1475 2191 1482 2205 ,
1505 2163 1680 2210 proelium
1704 2170 1826 2197 contra

127 2223 243 2257 hostes
267 2231 471 2271 capesseret.
493 2223 555 2258 Ille
577 2232 699 2259 autem
717 2224 909 2259 adventum
929 2238 1034 2259 suum
1053 2224 1207 2272 religiosi
1229 2224 1336 2259 animi
1356 2239 1459 2259 causa
1479 2225 1636 2267 distulit,
1656 2224 1716 2258 sed
1736 2232 1827 2272 post-

127 2297 233 2332 quam
261 2293 393 2319 orasset
416 2298 521 2332 super
542 2285 712 2320 baculum
736 2285 795 2320 cui
816 2285 1058 2328 innitebatur,
1082 2300 1256 2334 superque
1285 2287 1508 2333 mapliorium
1529 2285 1623 2334 quod
1645 2286 1737 2320 circa
1760 2285 1826 2320 col-

127 2345 204 2381 lum
232 2346 411 2392 gestabat,
434 2345 528 2380 misit
558 2359 597 2380 ea
618 2345 662 2380 ad
684 2345 946 2382 Theodosium:
970 2346 1100 2394 quibus
1129 2347 1185 2381 hie
1216 2361 1298 2382 eum
1320 2347 1389 2381 fide
1416 2349 1435 2368 ᾔ
1462 2356 1496 2382 et
1518 2347 1687 2394 religione
1714 2361 1828 2382 susce·

125 2406 196 2454 ptis
211 2434 219 2448 ‚
242 2406 358 2455 iisque
388 2408 542 2441 confisus
557 2435 564 2449 ,
586 2407 765 2454 maphorio
793 2407 939 2455 quidem
959 2421 1022 2455 pro
1045 2407 1139 2454 galea
1168 2416 1273 2456 caput
1297 2422 1362 2443 ceu
1385 2408 1499 2442 iussus
1523 2409 1636 2443 suerat
1660 2408 1825 2451 involvit,

125 2466 255 2502 baculo
284 2475 407 2503 autem
434 2466 575 2502 lanceae
598 2467 673 2502 loco
697 2467 879 2502 dexteram
907 2468 1062 2504 armavit.
1091 2470 1144 2503 Ac
1174 2469 1306 2516 primus
1329 2469 1401 2517 ipse
1423 2483 1463 2503 ex
1485 2469 1645 2503 universa
1671 2468 1743 2503 acie
1766 2483 1826 2503 sua

127 2542 369 2576 procurrens,
390 2529 428 2563 in
457 2529 575 2564 hostes
605 2529 722 2564 irruit.
752 2527 859 2573 Quod
881 2543 993 2577 quum
1014 2529 1151 2564 barbari
1178 2530 1366 2572 vidissent,
1388 2530 1426 2564 in
1450 2530 1570 2577 sugam
1599 2530 1715 2564 statim
1742 2538 1826 2564 sunt

127 2588 216 2623 versi
238 2603 378 2632 omnes,
399 2604 510 2638 seque
532 2598 658 2624 mutuo
681 2597 880 2637 prementes
902 2603 1066 2636 magnam
1088 2590 1372 2626 internecionem
1394 2599 1478 2625 sunt
1499 2591 1674 2639 perpessi,
1695 2599 1729 2624 et
1751 2590 1827 2638 qui-

129 2648 211 2683 dem
230 2650 374 2685 nemine
398 2650 596 2685 adversario
618 2650 877 2699 propinquante
899 2659 961 2686 aut
983 2652 1138 2688 feriente.
1166 2651 1227 2686 Sic
1249 2666 1327 2699 ergo
1350 2661 1438 2687 tunc
1460 2652 1594 2687 illustre
1618 2652 1825 2700 trophaeum

129 2708 171 2744 de
198 2709 362 2746 hostibus
390 2711 593 2759 reportavit.
622 2710 675 2746 Ex
697 2711 757 2746 illo
780 2711 887 2759 igitur
919 2720 1068 2760 tempore
1090 2727 1151 2761 per
1173 2726 1315 2748 omnem
1335 2713 1444 2748 vitam
1463 2713 1517 2748 liis
1546 2713 1764 2748 mirabilibus
1785 2726 1824 2745 ac

210 2816 246 2845 (t)
265 2813 333 2841 Vide
352 2814 447 2842 adnot.
469 2814 503 2842 ad
523 2819 588 2842 text.
610 2824 653 2850 gr.
675 2825 700 2851 p.
724 2820 784 2844 133.

210 2861 246 2889 ³2)
265 2858 372 2886 Videsis
392 2859 486 2886 adnot.
509 2859 543 2886 ad
565 2864 628 2887 text.
650 2869 690 2895 gr.

210 2906 245 2935 (3)
266 2903 334 2930 Puta
354 2903 498 2932 basilicam
517 2905 684 2938 ostiensem,
704 2904 738 2932 de
758 2913 812 2940 qua
831 2913 882 2933 nos
901 2904 1022 2933 diximus
1042 2906 1070 2933 in
1090 2906 1260 2942 praefatione
1280 2907 1314 2935 ad
1334 2907 1530 2943 Symmachum
1551 2909 1697 2932 oratorem.

1850 348 1888 368 (ir.
1905 354 1927 373 p.
1946 350 1991 368 1211.

1858 1322 1867 1331 ¹
1884 1326 1917 1344 er.
1935 1319 2067 1343 πεπίστευ»

1860 1364 1910 1379 ῖίιι.

1862 2358 1900 2375 cr.
1915 2362 1937 2381 p.
1956 2359 1998 2376 tw.

1863 2390 1873 2398 ‘
1889 2393 1922 2414 gr.
1939 2393 2042 2413 ,τω-τως.
