2203 3331
450 176 494 210 88
997 183 1026 209 s.
1050 185 1223 210 memnoni
1249 185 1507 210 Axrmmmriccs
1534 186 1584 211 m.

450 243 489 276 in
511 254 570 275 eos
591 239 653 288 qui
672 238 740 273 illis
761 238 943 287 pulsantur
964 240 1171 288 incurruntg
1190 250 1310 290 postea
1330 255 1394 289 per
1416 242 1645 277 ratiocinium
1666 242 1708 277 ad
1726 256 1845 280 rerum
1861 244 2131 293 significatarum

452 299 717 347 intelligentiam
742 299 769 334 is
798 300 861 349 qui
888 300 989 336 audit
1011 301 1160 338 devenit.
1189 302 1236 337 At
1265 302 1404 350 pictura
1432 303 1549 337 statim
1575 302 1650 338 sine
1681 303 1750 339 ullo
1778 305 1983 342 intermedio
2011 308 2052 343 ad
2081 323 2135 344 res

450 360 560 409 ipsas,
583 369 622 395 ut
644 361 712 396 iam
734 369 931 409 praesentes
945 390 954 405 ,
974 371 1130 398 mentem
1151 362 1388 412 spectantium
1410 362 1592 406 admovet,
1617 372 1652 398 et
1675 364 1787 412 primo
1811 366 1945 402 intuitu
1969 382 2134 405 occursu»

448 434 517 469 que
536 421 760 469 perspicuam
778 421 1038 471 perfectamque
1056 436 1178 458 rerum
1197 422 1438 470 cognitionem
1459 424 1611 471 praebet.
1630 423 1749 473 Atque
1767 435 1806 461 ut
1825 427 1933 476 patris
1949 429 2134 465 cuiusdam

450 481 607 516 dictione
627 489 706 516 utar
727 487 750 503 ‘⁶
774 496 861 530 quae
882 482 1045 518 historica
1067 484 1173 519 oratio
1195 492 1333 527 narrat,
1356 498 1394 518 ea
1415 484 1555 519 silenter
1574 484 1714 532 pictura
1735 486 1905 523 imitando
1925 489 2084 525 ostendit.
2108 516 2133 533 „

450 540 596 588 Quanto
623 541 740 591 itaque
768 557 854 591 opus
881 544 1040 579 oratione
1068 544 1298 593 praestantius
1323 552 1392 587 est,
1420 552 1518 580 tanto
1547 545 1659 593 operis
1686 545 1834 581 imitatio
1861 557 1895 583 et
1921 549 2132 592 similitudo,

450 602 614 637 orationis
642 603 793 647 sonitui,
815 604 909 653 quod
939 604 1072 639 adtinet
1098 605 1140 639 ad
1167 617 1286 640 rerum
1315 604 1675 648 demonstrationem,
1697 607 1892 654 praestabit.
1920 608 2038 654 Quare
2065 624 2134 645 ma-

448 662 608 698 nifestior
635 664 740 699 oratio
767 672 873 713 atque
902 664 1097 699 evidentior
1123 678 1222 713 saepe
1250 680 1311 714 per
1338 666 1398 701 has
1425 666 1579 714 picturas
1609 667 1734 703 evadit.
1762 667 1946 703 Multoties
1972 670 2065 704 enim
2092 685 2133 707 ex

449 736 608 759 sermone
631 724 741 760 dubia
762 724 933 774 quaedam
955 733 989 759 et
1011 724 1256 772 ambiguitates
1277 726 1487 775 pariuntur,
1509 726 1707 775 diversique
1731 741 1853 763 sensus
1876 728 1912 763 in
1937 729 2062 764 animis
2089 731 2134 765 ef-

450 784 509 820 fici
538 784 668 821 solent:
692 800 760 834 quo
788 786 827 820 fit
851 793 892 820 ut
918 784 1020 820 multi
1047 793 1081 819 et
1107 799 1228 820 secum
1254 786 1319 835 ipsi
1340 796 1375 822 et
1397 787 1560 822 adversus
1590 788 1674 823 alios
1700 788 1928 832 dissentiant,
1948 790 2134 838 verbisque

449 854 632 893 pugnent,
657 846 701 881 de
730 845 833 880 dictis
860 845 1096 892 ambigentes:
1119 854 1361 882 verumtamen
1391 861 1452 891 ea,
1476 862 1581 896 quain
1608 862 1662 883 res
1689 848 1840 884 visibiles
1867 850 2025 893 faciunt,
2046 851 2134 886 fides

450 906 574 953 procul
601 906 696 941 omni
722 906 939 941 dubitatione
968 914 1026 942 est.
1057 905 1171 941 Tanta
1198 920 1278 942 vero
1307 915 1357 942 est
1383 908 1567 957 utriusque
1595 910 1820 953 communio,
1848 917 1888 945 ut
1916 911 1952 945 in
1980 925 2052 946 uno
2081 925 2135 946 eo·

449 965 601 1014 demque
625 966 734 1009 libro,
759 967 851 1001 sicut
879 980 978 1015 saepe
1002 966 1039 1000 in
1063 967 1317 1015 antiquissimis
1347 968 1475 1003 chartis
1502 969 1620 1003 videre
1648 978 1721 1012 est,
1743 970 1944 1005 alternatim
1970 985 2022 1006 res
2050 971 2135 1006 deli-

450 1034 597 1069 neetur,
618 1026 702 1061 hinc
725 1026 870 1075 quidem
891 1041 956 1074 per
982 1027 1181 1074 syllabicam
1205 1027 1418 1071 orationem,
1440 1027 1539 1064 illinc
1561 1043 1643 1064 vero
1666 1044 1728 1078 per
1754 1031 1857 1066 hasce
1885 1031 2054 1078 imagines
2082 1045 2136 1066 ea-

451 1087 531 1122 dem
557 1087 706 1121 narratio
734 1087 964 1130 exhibeatur,
993 1101 1081 1136 quae
1112 1087 1216 1122 fiebat
1243 1087 1381 1124 litteris.
1411 1087 1517 1124 Sicut
1546 1103 1626 1136 ergo
1655 1091 1823 1138 evangelii
1851 1092 2023 1140 scriptura
2051 1092 2134 1127 inde

450 1147 584 1182 obtinet
606 1147 699 1196 apud
727 1145 946 1182 Christianos
970 1148 1098 1191 fidem,
1119 1149 1207 1197 quin
1230 1148 1296 1184 alia
1318 1148 1493 1198 scriptura
1519 1158 1581 1185 aut
1604 1150 1761 1185 oratione
1787 1151 1958 1199 indigeat,
1979 1166 2066 1200 quae
2091 1152 2134 1187 de

453 1221 491 1242 ea
514 1215 660 1242 testetur
685 1207 868 1256 eidemque
886 1208 1154 1256 patrocinetur,
1175 1217 1216 1244 ut
1234 1209 1431 1245 veneranda
1454 1218 1489 1245 et
1508 1210 1720 1245 honorabilis
1743 1211 1933 1258 habeatur3
1955 1213 2004 1246 sic
2031 1212 2136 1248 etiam

451 1268 647 1303 divinarum
672 1267 864 1316 imaginum
886 1269 1096 1312 delineatio,
1117 1282 1226 1318 quum
1249 1269 1294 1304 sit
1321 1270 1446 1305 eadem
1472 1278 1576 1319 atque
1602 1271 1801 1318 evangelica
1827 1272 1991 1320 scriptio,
2011 1286 2072 1320 per
2099 1286 2136 1307 se

450 1328 558 1364 fidem
578 1330 679 1373 facit,
699 1344 814 1378 neque
837 1330 1030 1365 extrinseco
1051 1338 1258 1378 argumento
1282 1339 1375 1378 eget,
1397 1340 1438 1366 ut
1458 1332 1626 1380 evangelii
1647 1346 1701 1367 res
1721 1341 1976 1381 repraesentet,
1998 1342 2030 1368 et
2053 1346 2138 1368 eun-

451 1389 531 1424 dem
551 1404 590 1425 ac
614 1390 702 1425 illud
728 1391 898 1426 honorem
921 1390 1093 1439 impetret.
1122 1390 1230 1437 Quod
1255 1392 1284 1426 si
1307 1392 1548 1427 extrinsecum
1577 1393 1818 1428 testimonium
1842 1393 1954 1441 imago
1982 1394 2138 1442 require-

452 1458 525 1493 ret,
548 1451 724 1499 quomodo
752 1450 853 1486 aliter
880 1451 911 1486 ei
938 1450 1149 1500 patrocinari
1176 1464 1377 1500 possemuS,
1401 1465 1507 1499 quam
1534 1453 1692 1488 invocata
1716 1454 1758 1488 ab
1784 1454 1980 1501 evangelico
2006 1454 2137 1503 scripto

455 1511 744 1547 confirmatione?
771 1511 811 1546 Si
834 1525 915 1559 ergo
937 1511 1157 1558 evangelium
1178 1511 1400 1546 credentium
1422 1512 1565 1546 auribus
1585 1512 1781 1555 adsonans,
1802 1521 1984 1562 tantopere
2007 1522 2059 1549 est
2079 1515 2138 1549 ho-

452 1571 609 1607 norabile
633 1573 736 1620 (nam
756 1572 841 1607 fides
861 1580 982 1607 nostra
1004 1586 1044 1607 ex
1064 1572 1211 1621 auditu)
1233 1571 1374 1620 pictura
1394 1586 1481 1621 quae
1502 1572 1570 1621 ipsi
1590 1573 1678 1608 visui
1699 1573 1929 1623 sensibusque
1951 1574 2113 1610 incidens
2126 1603 2136 1618 ‚

453 1632 600 1668 eandem
623 1633 893 1668 instructionem
917 1632 1017 1667 nobis
1042 1633 1204 1676 exbibet,
1227 1633 1314 1668 haec
1337 1633 1485 1682 inquam
1508 1633 1561 1668 vel
1584 1643 1779 1682 praevertet
1809 1635 1984 1671 celeritate
2008 1636 2138 1672 instru—

353 1715 360 1727 l
383 1711 415 1729 τ.
454 1693 626 1738 ctionem,
646 1695 813 1743 quoniam
835 1695 930 1729 visus
953 1693 1066 1742 aptior
1091 1702 1142 1728 est
1166 1693 1407 1743 persuadendo
1432 1708 1541 1743 quam
1563 1694 1703 1730 auditus
1718 1723 1726 1738 ,
1746 1695 1800 1731 vel
1823 1705 1917 1731 certe
1940 1697 2137 1733 secundum

451 1755 600 1803 gradum
623 1769 694 1790 non
718 1755 866 1791 tenebit.
894 1755 1012 1804 Atque
1036 1755 1082 1790 ita
1107 1755 1279 1803 evangelii
1304 1756 1415 1790 instar
1440 1756 1505 1791 erit
1533 1758 1595 1805 (1).

557 1816 588 1852 6.
616 1815 774 1851 Asterius
801 1825 941 1860 autem,
962 1829 1116 1864 namque
1146 1824 1181 1851 et
1208 1816 1263 1851 hic
1290 1816 1419 1864 dignus
1445 1825 1499 1852 est
1524 1817 1586 1866 qui
1609 1832 1707 1853 nunc
1731 1826 2042 1860 commemoretur,
2065 1817 2135 1852 sive

452 1878 480 1912 is
505 1886 555 1912 est
575 1891 680 1926 quem
700 1877 757 1912 isti
781 1878 985 1925 magistrum
1006 1877 1204 1920 inducunt,
1225 1877 1294 1912 sive
1317 1878 1403 1913 alius
1424 1878 1576 1927 quilibet
1599 1880 1673 1927 (2);
1694 1879 1874 1920 Asterius,
1896 1878 2062 1926 inquam,
2083 1879 2136 1912 ni-

449 1937 637 1973 hilominus
658 1938 695 1972 in
715 1938 1010 1973 haemorrhoissae
1030 1937 1231 1973 laudatione
1255 1938 1306 1986 (3)
1320 1966 1328 1981 ,
1349 1938 1504 1974 studium
1524 1939 1811 1987 voluntatemque
1832 1938 2009 1980 mulieris,
2030 1950 2135 1986 quam

449 1999 628 2035 credendo
654 1999 690 2034 in
716 1999 974 2034 benefactorem
996 2012 1099 2034 suum
1119 1998 1296 2042 ostendit,
1317 2012 1528 2047 magnopere
1559 1998 1732 2034 admirans
1755 1999 1822 2041 ait,
1846 1999 2073 2034 constitutam
2092 1999 2136 2033 ab

447 2060 520 2108 ipsa
545 2073 689 2095 aeneam
711 2059 844 2095 Christi
866 2059 1056 2107 imaginem
1070 2088 1078 2103 ,
1103 2059 1322 2107 evangelicae
1344 2059 1601 2108 praedicationi
1630 2073 1731 2108 opem
1756 2059 1898 2106 tulisse3
1919 2059 1966 2093 ita
1986 2067 2025 2093 ut
2045 2059 2136 2094 hanc

450 2120 634 2156 irridentes
655 2120 779 2156 Iudaei
801 2120 904 2156 simul
927 2129 961 2156 et
986 2119 1120 2155 ethnici
1146 2120 1439 2155 convincerentur
1461 2129 1578 2155 tamen
1599 2134 1639 2155 ac
1660 2119 1898 2168 pudefierent,
1919 2119 1998 2167 quia
2017 2133 2135 2154 veram

452 2195 522 2216 esse
550 2181 744 2216 doctrinam
776 2181 871 2216 illam
899 2181 1117 2217 manifestius
1145 2180 1290 2228 patebat.
1320 2179 1439 2227 Quam
1468 2180 1728 2216 convictionem
1755 2194 1827 2214 non
1856 2180 2009 2214 serentes
2036 2179 2135 2228 impii

451 2242 593 2290 quidam
615 2257 654 2278 ac
672 2242 741 2277 Dei
761 2243 896 2286 hostes,
916 2256 1036 2278 rerum
1056 2242 1207 2278 subinde
1227 2255 1363 2278 summa
1382 2242 1500 2291 potiti,
1519 2242 1675 2277 divinam
1696 2249 1866 2284 statuam,
1885 2241 1934 2276 ita
1952 2239 2028 2275 Deo
2047 2249 2136 2276 tunc

453 2303 699 2350 permittente,
718 2303 871 2339 deiicere
893 2303 1006 2339 moliti
1027 2311 1108 2338 sunt
1131 2304 1202 2351 (ᾡς
1220 2302 1314 2352 quod
1336 2316 1420 2338 sane
1440 2303 1571 2337 nostris
1592 2316 1734 2351 qnoque
1757 2301 1971 2350 temporibus
1993 2301 2037 2336 ob
2058 2315 2137 2350 pec·

455 2371 531 2398 cata
550 2373 667 2399 nostra
687 2373 924 2413 perpetratum
945 2364 1117 2400 videmus.
1144 2363 1267 2410 Quum
1288 2364 1327 2398 in
1348 2363 1528 2412 utrisque,
1550 2372 1626 2398 tum
1646 2363 1786 2411 pictura
1807 2362 1939 2397 scilicet
1961 2370 2034 2396 tum
2053 2363 2137 2398 scri-

453 2431 576 2471 ptura,
600 2439 712 2459 unum
740 2425 902 2474 idemque
930 2433 1178 2473 argumentum
1207 2424 1346 2468 existat,
1373 2439 1499 2473 resque
1526 2424 1567 2459 ab
1595 2424 1664 2459 illis
1690 2424 1902 2471 significatae
1930 2437 1991 2472 per
2017 2424 2136 2458 omnia

533 2512 569 2543 (1)
587 2511 689 2545 Nempe
708 2510 741 2538 ad
761 2510 1025 2539 demonstrationem
1046 2511 1119 2548 quod
1139 2511 1237 2539 attinet
1255 2519 1312 2539 non
1331 2510 1366 2540 ad
1386 2512 1588 2538 auctoritatem.
1610 2509 1710 2537 Recole
1730 2517 1756 2544 p.
1778 2512 1820 2536 31.
1841 2509 1906 2536 adn.
1929 2512 1952 2536 ι.

534 2557 569 2587 (2)
588 2554 687 2581 Recole
706 2563 732 2589 p.
753 2559 802 2589 80,
821 2564 884 2583 eum
905 2556 1000 2583 adnot.
1025 2560 1049 2584 1.
1070 2557 1194 2591 Namque
1212 2560 1240 2583 et
1257 2555 1315 2582 illic
1335 2554 1389 2582 duo
1409 2555 1532 2582 distincti
1555 2554 1651 2581 Asterii
1676 2553 1896 2581 subindicantur.
1916 2553 1969 2581 Sed
1990 2556 2083 2581 tamen
2101 2553 2137 2581 de

454 2599 496 2626 his
516 2598 646 2633 prolixius
665 2598 718 2625 dici
738 2607 752 2625 a
772 2599 850 2626 nobis
870 2608 926 2627 non
949 2604 991 2628 est
1011 2609 1095 2636 opus,
1114 2599 1339 2636 quandoquidem
1358 2603 1430 2626 extat
1447 2599 1539 2626 Photii
1558 2597 1780 2633 amphilochium
1799 2598 1922 2632 quaestio
1941 2600 2009 2632 quot
2023 2597 2139 2631 „fuerim

454 2644 576 2676 Asterii,
595 2642 667 2678 apud
686 2643 880 2670 Combefisium
902 2648 970 2671 tom.
991 2645 1038 2671 cit.
1059 2653 1084 2680 p.
1105 2648 1166 2671 280.

535 2690 570 2719 (3)
590 2686 752 2722 Quindecim
773 2687 827 2713 sere
842 2688 889 2721 qui
911 2692 1066 2723 sequuntur
1084 2696 1192 2721 versus,
1209 2688 1284 2715 misit
1298 2695 1328 2714 ex
1345 2694 1395 2714 ms.
1410 2687 1562 2720 Nicephoro
1576 2686 1696 2713 Allatius
1711 2685 1744 2713 ad
1761 2686 1969 2719 Combetisium,
1985 2686 2031 2721 qui
2050 2685 2137 2712 edidit

456 2733 522 2757 tom.
539 2730 584 2757 eit.
602 2738 627 2765 p.
644 2733 704 2756 277.
726 2730 829 2757 Ibidem
850 2731 935 2766 igitur
954 2732 1135 2760 Combetisius
1155 2732 1308 2767 gratulatur
1326 2730 1360 2758 de
1379 2730 1522 2765 Nicephori
1541 2738 1622 2766 opere
1640 2734 1782 2765 tamquam
1802 2730 1930 2757 thesauro
1948 2729 2039 2756 adhuc
2057 2737 2137 2764 repo-

455 2776 520 2807 sito,
541 2774 587 2801 sed
607 2779 697 2801 tamen
717 2774 835 2801 invento.

538 2822 573 2851 (⁴)
593 2820 670 2846 Hauc
686 2819 785 2846 Christi
805 2818 910 2846 domini
933 2823 1050 2847 statuam
1061 2841 1067 2853 ,
1083 2820 1117 2848 de
1135 2828 1189 2856 qua
1203 2819 1339 2848 Eusebius
1353 2818 1418 2846 hist.
1434 2818 1499 2846 ecel.
1515 2818 1577 2844 vu.
1589 2821 1638 2851 18,
1655 2818 1701 2845 alii
1722 2826 1840 2846 eversam
1856 2818 1939 2846 fuisse
1958 2825 1973 2845 a
1987 2816 2139 2844 Maximino

460 2864 551 2897 aiunt,
576 2863 621 2890 alii
642 2871 656 2890 a
676 2863 791 2890 Iuliano.
