2203 3331
605 222 770 245 ADVERSUS
797 221 1047 246 CONSTANTlM'M
1073 221 1307 244 COPRONYMUM.
1764 212 1809 245 ἲτ

111 282 228 331 >&tque
256 281 303 316 ita
329 281 419 316 fient
447 278 509 314 filii
539 278 677 328 plures,
700 288 739 314 ut
760 278 909 328 proinde
930 277 1120 324 Unigeniti
1150 277 1255 311 etiam
1282 290 1414 312 nomen
1435 277 1477 312 de
1507 277 1624 313 medio
1655 276 1806 314 tollatur.

112 346 187 380 lam
210 345 337 379 horum
357 342 403 376 ita
425 340 680 384 sentientium,
705 349 826 376 utrum
847 339 1006 386 impietas
1027 338 1255 386 vituperanda
1277 337 1342 379 sit,
1365 352 1408 372 an
1429 339 1577 374 stultitia
1597 339 1712 387 potius
1734 339 1809 374 irri-

113 404 247 447 denda,
267 403 302 438 id
324 416 399 438 rem
427 402 709 451 adaequantibus
735 400 847 435 verbis
875 399 971 434 haud
1001 399 1195 447 exprimere
1224 411 1419 446 possumus.
1451 398 1522 433 Sed
1549 399 1592 434 de
1620 400 1674 434 his
1703 401 1807 435 rebus

113 465 225 500 oratio
245 464 325 499 heic
347 463 592 499 concludatur.
619 462 709 498 Nam
731 460 826 510 quod
849 460 1013 495 divinum
1034 468 1065 494 et
1088 459 1424 507 supersubstantiale
1445 458 1603 494 Verbum
1622 475 1688 495 nee
1709 462 1808 509 pingi

113 525 221 575 possit
241 539 307 560 nec
333 524 595 567 circumscribi,
615 523 778 572 quodque
796 536 840 556 nc
859 521 952 569 apud
971 534 1035 555 nos
1055 520 1202 568 quidem
1220 534 1363 554 versans
1386 519 1420 554 id
1443 520 1513 568 pati
1530 522 1686 567 potuerit
1706 523 1807 571 (quis

113 586 207 620 enim
234 585 281 620 ita
308 584 474 620 heluinus
497 584 719 631 stolidusque
741 582 785 617 sit
807 596 845 616 ac
870 589 1049 629 tantopere
1073 581 1190 615 animo
1212 580 1484 623 obtenebratus,
1507 581 1570 629 qui
1591 582 1632 616 de
1657 583 1724 618 hoe
1746 583 1808 618 du-

112 647 226 682 bitet'?
244 646 536 695 quandoquidem
556 659 574 680 a
595 657 658 679 sua
678 642 829 678 naturali
848 642 1060 691 proprietate
1080 655 1274 690 numquam
1292 641 1496 690 discessit);
1514 642 1680 691 quodque
1700 645 1806 692 ipsius

110 707 221 743 Verbi
248 722 372 751 causa,
403 720 482 742 caro
510 705 559 740 illi
588 705 689 740 unita
716 703 809 738 haud
839 703 989 739 evaserit
1018 703 1349 751 incircumscripta,
1377 703 1457 737 satis
1490 711 1529 737 ut
1556 713 1642 751 puto
1672 704 1804 753 diuque

111 778 290 804 ostensum
313 769 400 815 fuit3
422 767 590 816 quodque
611 766 694 800 item
714 765 994 800 adversariorum
1016 765 1336 799 demonstrationes
1358 764 1440 812 ipsis
1460 764 1603 799 illorum
1622 778 1806 811 argumen-

113 830 154 865 tis
183 844 320 865 eversae
349 829 505 869 suerint,
525 826 675 861 veritate
703 826 916 868 auxiliante,
940 840 980 861 ac
1008 826 1190 861 refutatae.

215 892 272 926 32.
304 890 476 938 Superest
502 888 593 930 iam,
616 896 658 922 ut
685 887 729 921 de
759 887 1001 935 separatione,
1022 900 1127 935 quam
1154 886 1255 921 stulte
1285 894 1318 921 et
1347 885 1605 921 inconsiderate
1628 887 1807 921 confinxe-

111 959 218 993 runt,
239 951 385 998 eiusque
411 949 536 991 modo,
556 949 661 983 verba
688 948 871 983 faciamus.
902 947 973 982 Sed
1001 948 1039 982 in
1066 947 1187 996 primis
1215 946 1423 982 addubitare
1446 959 1598 994 aequum
1628 954 1698 989 est,
1720 961 1806 995 quo·

108 1025 190 1046 nam
216 1010 320 1045 modo
342 1009 370 1043 is
392 1009 454 1058 qui
476 1022 623 1044 carnem
644 1008 904 1043 circumscribit
926 1022 989 1043 seu
1012 1009 1137 1055 figurat
1167 1007 1414 1055 (concedatur
1434 1007 1530 1042 enim
1550 1006 1693 1041 interim
1714 1007 1805 1042 nihil

106 1072 191 1107 haec
219 1071 361 1106 differre
380 1099 388 1113 ,
418 1069 838 1120 quandoquidem-ambo
865 1084 884 1104 a
911 1069 1083 1105 NIamona
1112 1068 1394 1104 irrationabiliter
1423 1081 1536 1104 unum
1564 1070 1802 1116 reputantur)

111 1139 158 1179 (525)
190 1133 232 1167 ab
253 1132 355 1167 unito
377 1131 500 1168 divino
521 1131 642 1167 Verbo
665 1139 826 1180 separet,
848 1145 888 1166 ac
909 1130 1156 1165 tantummodo
1180 1138 1377 1166 creaturam
1403 1130 1508 1165 faeiat
1532 1128 1736 1172 Christum,
1757 1129 1805 1164 ita

110 1200 158 1240 ἅ)
189 1202 230 1228 ut
257 1193 373 1228 divina
393 1201 521 1228 natura
545 1193 583 1227 in
606 1206 646 1227 eo
668 1206 741 1227 non
762 1191 815 1227 sit.
850 1197 896 1237 ᾗ)
927 1191 1024 1226 Num
1047 1200 1164 1226 mente
1187 1199 1327 1226 tantum
1347 1205 1386 1226 ac
1407 1191 1620 1225 verbotenus
1644 1198 1804 1238 separat,

105 1267 150 1288 an
180 1253 394 1288 sensibiliter
423 1253 529 1287 etiam
557 1253 707 1302 ipsoque
735 1253 866 1301 opere?
893 1250 1035 1286 Etenim
1064 1251 1101 1286 in
1129 1251 1183 1286 his
1212 1251 1357 1299 grandis
1386 1251 1589 1286 differentia
1618 1259 1804 1299 spectatur.

106 1315 201 1350 Nam
228 1328 310 1350 cum
337 1314 567 1363 separationis
597 1314 818 1349 mentionem
846 1313 972 1356 faciat,
993 1313 1140 1348 modum
1167 1327 1240 1362 quo
1269 1314 1358 1348 haec
1387 1312 1539 1360 separari
1567 1312 1720 1354 iudicat,
1742 1312 1806 1347 ini-

106 1376 201 1410 nime
230 1375 393 1412 ostendit.
423 1375 467 1410 Et
494 1375 672 1424 siquidem
700 1383 816 1410 mente
848 1382 987 1409 tantum
1008 1374 1086 1409 fieri
1106 1374 1364 1422 separationem
1388 1373 1547 1416 diceret,
1569 1387 1632 1407 nos
1661 1387 1802 1421 quoque

105 1436 391 1482 adsentiremurg
420 1436 456 1470 id
486 1435 582 1470 enim
608 1435 645 1470 in
674 1443 793 1470 nostra
821 1449 962 1483 quoque
991 1434 1154 1469 doctrina
1185 1443 1236 1469 cst
1255 1463 1263 1477 ‚
1292 1442 1432 1482 excepta
1465 1434 1801 1481 circumscriptione.

105 1504 128 1518 “
160 1497 253 1532 Nam
276 1510 358 1532 cum
382 1506 525 1531 naturae
548 1497 663 1531 animo
685 1505 719 1532 et
739 1496 948 1543 cogitatione
978 1495 1270 1543 distinguuntur,
1291 1495 1434 1530 nomina
1460 1509 1604 1543 quoque
1625 1494 1731 1529 simul
1752 1494 1802 1528 di-

106 1586 129 1600 „
157 1558 345 1600 viduntur,
373 1559 420 1592 ait
447 1557 629 1605 theologus
660 1559 723 1605 (1).
752 1556 853 1592 Audi
881 1556 1033 1592 Paulum
1061 1557 1245 1592 dicentem
1271 1558 1305 1592 ³³:
1333 1564 1372 1591 ut
1398 1555 1500 1591 Deus
1529 1555 1663 1590 domini
1690 1556 1801 1590 nostri

105 1648 128 1662 „
157 1619 240 1654 Iesu
266 1618 418 1662 Christi,
440 1627 540 1667 pater
563 1618 711 1666 gloriae3
737 1618 873 1653 Christi
894 1618 1041 1666 quidem
1061 1617 1183 1660 Deus,
1206 1626 1304 1666 pater
1325 1626 1445 1653 autem
1467 1617 1607 1664 gloriae.
1631 1616 1801 1663 Quamvis

104 1707 127 1722 „
157 1680 253 1714 enim
275 1689 470 1729 utrumque
493 1693 608 1715 unum
628 1688 700 1723 est,
721 1693 796 1714 non
818 1688 935 1714 tamen
958 1687 1103 1722 natura,
1127 1679 1187 1714 sed
1211 1678 1475 1715 coniunctione.
1501 1707 1524 1721 „
1546 1677 1658 1712 Valde
1679 1677 1801 1726 utique

100 1739 299 1775 laudandus
320 1740 506 1775 blamonas
529 1748 623 1783 erat,
644 1740 672 1775 si
691 1740 756 1775 hac
779 1740 815 1774 in
836 1748 934 1788 parte
960 1740 1194 1782 substitisset,
1217 1740 1348 1775 etenim
1368 1739 1465 1774 nulla
1486 1738 1586 1774 nobis
1604 1739 1671 1773 hac
1694 1753 1801 1787 super

101 1816 138 1835 re
168 1802 235 1836 iam
264 1801 367 1836 verba
396 1801 607 1848 effluerent3
630 1815 748 1849 neque
778 1801 849 1849 ipse
873 1801 1035 1848 linguam
1064 1809 1186 1836 contra
1212 1815 1274 1836 nos
1302 1801 1490 1843 vibrasset,
1511 1813 1623 1848 quum
1646 1800 1720 1848 pari
1742 1800 1801 1834 lio-

101 1876 186 1897 nore
208 1876 249 1897 ac
269 1862 430 1897 Verbum
451 1862 627 1911 picturam
655 1863 728 1897 sore
757 1862 903 1898 diceret.
934 1861 1008 1897 Sed
1031 1862 1069 1897 in
1092 1863 1269 1911 praesenti
1296 1862 1363 1896 hoe
1384 1875 1456 1896 non
1478 1861 1583 1907 dieit3
1605 1874 1801 1909 numquam

103 1923 198 1957 enim
225 1923 468 1970 theologorum
495 1923 717 1970 dogmatibus
749 1937 870 1958 aurem
899 1924 1086 1971 praebuit,
1116 1924 1196 1972 quia
1225 1924 1318 1958 inter
1346 1923 1476 1957 horum
1502 1921 1698 1968 magisteria
1726 1935 1799 1956 ver-

103 1983 171 2017 sari
197 1984 227 2018 ei
254 1998 328 2018 non
357 1984 515 2033 placuit,
537 1993 722 2033 propterea
743 1985 839 2033 quod
864 1985 977 2020 carnis
1005 1993 1145 2020 tantum
1166 1984 1315 2019 stimulis
1339 1993 1371 2019 et
1397 1983 1647 2031 cupiditatibus
1667 1982 1800 2017 victum

102 2057 137 2077 se
165 2043 317 2080 tradidit.

204 2104 262 2138 Ad
283 2105 435 2140 alterum
456 2107 572 2155 itaque
594 2106 759 2142 dictionis
780 2107 1022 2154 significatum
1050 2107 1155 2142 stulte
1178 2107 1355 2155 impieque
1379 2105 1535 2141 converti
1558 2118 1639 2140 eum
1659 2119 1798 2140 neeesse

102 2172 170 2206 est,
192 2173 296 2213 atque
318 2165 383 2200 hoc
404 2180 467 2214 pro
489 2166 652 2213 dogmate
673 2168 821 2211 habere,
844 2168 939 2216 quod
961 2181 1088 2216 nempe
1110 2168 1322 2203 sensibiliter
1343 2168 1488 2216 ipsoque
1511 2168 1624 2209 facto,
1647 2180 1686 2201 ea
1707 2180 1797 2215 quae

100 2225 376 2273 inseparabiliter
403 2235 489 2261 sunt
514 2228 615 2262 unita
644 2237 859 2276 separentur.
888 2229 1044 2264 Narrare
1074 2238 1193 2264 autem
1214 2229 1312 2264 nobis
1335 2228 1510 2263 debuisset
1533 2228 1590 2263 hie
1617 2227 1798 2276 sapientis-

99 2285 208 2320 simus
223 2314 230 2328 ,
253 2286 350 2334 quali
372 2287 405 2321 vi
425 2295 528 2335 atque
550 2289 725 2332 efficacia,
747 2290 1049 2337 supernaturalem
1070 2290 1165 2325 illam
1186 2290 1380 2337 miramque
1403 2289 1593 2332 unionem,
1617 2302 1704 2338 quae
1727 2301 1797 2323 om-

100 2361 181 2382 nem
209 2348 384 2396 loquelam
411 2358 637 2397 mentemque
666 2359 828 2398 superat,
855 2365 933 2386 eam
960 2352 1096 2387 scilieet
1124 2365 1193 2400 qua
1214 2351 1373 2385 Verbum
1400 2350 1676 2386 substantialiter
1702 2350 1799 2385 habi-

101 2417 177 2442 tans
197 2409 234 2443 in
256 2409 477 2444 sanctissima
505 2410 649 2458 deipara
670 2410 818 2457 Virgine
842 2420 955 2446 totum
976 2413 1157 2447 hominem
1179 2412 1241 2446 toti
1263 2412 1327 2446 sibi
1349 2411 1564 2460 hypostatica
1588 2411 1720 2446 unione
1743 2425 1797 2446 co-

97 2470 251 2517 pulavit,
274 2484 379 2519 quam
405 2471 499 2506 solus
520 2471 621 2507 Deus
651 2473 793 2507 efficere
822 2481 978 2521 poteratg
1001 2474 1202 2522 quomodo,
1226 2474 1391 2521 inquam,
1415 2474 1713 2509 circumscribens
1735 2481 1795 2508 aut

100 2531 257 2578 effigians
285 2540 442 2580 separet,
465 2531 657 2581 Deumque
681 2547 836 2568 seorsum
850 2562 858 2576 ,
880 2535 1033 2582 itemque
1055 2535 1236 2569 hominem
1255 2547 1416 2570 seorsum
1437 2535 1619 2570 secernat?
1640 2534 1687 2569 Et
1707 2547 1795 2569 num

98 2592 172 2625 fieri
192 2592 316 2640 possit,
337 2601 377 2628 ut
400 2607 475 2628 eam
496 2608 568 2628 rem
589 2593 749 2629 Verbum
772 2595 947 2642 patiatur,
968 2603 1072 2644 atque
1094 2610 1113 2630 a
1135 2595 1241 2630 semel
1262 2595 1363 2630 unita
1383 2595 1451 2630 sibi
1472 2609 1576 2631 carne
1598 2603 1794 2643 separetur,

99 2665 143 2685 an
164 2652 230 2688 hoe
249 2654 363 2702 potius
384 2669 581 2703 numquam
600 2656 791 2690 usuvem'rn⁸
810 2657 935 2704 queat?
958 2656 1050 2691 Nam
1068 2657 1094 2691 si
1113 2657 1266 2705 primum
1286 2657 1518 2699 concedatur,
1538 2657 1652 2705 passio
1671 2656 1792 2703 utique

97 2710 217 2748 Verbo
239 2715 386 2751 accidet.
409 2715 516 2761 Quod
538 2717 566 2750 si
586 2716 757 2764 patiatur,
779 2717 882 2751 etiam
902 2717 1223 2753 circumscribetur.
1245 2717 1341 2754 Num
1360 2732 1442 2753 vero
1464 2718 1498 2752 id
1521 2726 1602 2752 ante
1622 2717 1792 2752 unionem

98 2785 236 2819 passum
257 2776 330 2811 est?
351 2775 463 2825 Atqui
484 2777 550 2811 hoc
573 2777 807 2826 impossibile3
829 2792 901 2813 non
925 2778 1018 2813 enim
1040 2779 1192 2827 patitur,
1215 2792 1326 2827 quum
1348 2779 1393 2814 sit
1415 2779 1622 2814 naturaliter
1644 2775 1793 2824 impassi-

177 2910 211 2939 (2)
230 2908 257 2934 S.
279 2910 427 2945 Gregorius
447 2912 631 2940 nazianzenus
650 2917 721 2941 orat.
744 2913 837 2940 XXX.
858 2917 885 2941 8.
907 2914 934 2941 in
955 2914 1074 2942 editione
1094 2916 1146 2942 PP.
1168 2915 1370 2942 Maurinoruin.

1838 1572 1847 1584 *
1863 1572 1944 1599 [pin-sn
1961 1574 1976 1593 i.
1996 1577 2024 1594 ιῖ,
