2203 3331
231 228 268 250 Gr.
283 236 305 256 μ.
323 234 354 250 ¹⁴⁶.

149 1266 157 1272 ’
170 1262 235 1283 Prm.
246 1260 325 1282 xxw.
333 1264 353 1282 4.

166 1865 174 1874 ’
191 1863 263 1883 lacot».
280 1862 307 1883 11.
326 1866 355 1883 lo.

231 2471 270 2492 Gr.
283 2478 308 2498 p.
323 2474 356 2492 07.

397 154 458 186 tos
935 160 963 182 s.
989 161 1160 183 sicsi‘noiu
1188 160 1444 183 itxrinnnrfficcs
1471 160 1522 183 m.

497 218 554 252 33.
584 215 761 250 Simulant
789 215 932 264 quidem
955 217 1109 265 salsoque
1132 225 1327 259 ostentant,
1353 216 1470 251 crucis
1493 225 1614 263 typum
1635 229 1653 249 a
1674 229 1710 250 se
1734 216 1922 263 honorari3
1948 217 2008 252 sed
2030 218 2079 253 sa-

391 288 487 313 ctum
518 278 653 325 ipsum,
678 275 713 310 id
743 284 793 311 cst
821 276 1004 311 salutarem
1035 277 1169 312 Christi
1199 277 1411 325 passionem,
1438 289 1555 310 revera
1580 275 1730 312 abolent.
1759 276 1948 322 Quomodo
1978 279 2075 313 enim

391 352 510 386 passus
538 338 621 371 soret
646 345 703 370 aut
727 336 938 379 crucifixus,
965 337 1058 371 iuxta
1089 338 1234 371 istorum
1261 336 1495 378 dementiam,
1519 336 1547 370 si
1576 336 1920 384 incircumscriptum
1945 352 2076 386 eorpus

389 397 660 445 adsumpsisset?
689 396 785 441 Quid
815 397 908 431 enim
932 397 965 431 in
991 411 1097 431 cruce
1121 397 1245 431 suisset
1275 397 1472 438 confixum,
1496 404 1557 430 aut
1580 395 1683 431 clavis
1705 398 1949 444 perforatum?
1976 397 2074 443 Quo-

390 472 469 493 nam
497 459 638 492 lanceae
666 457 826 504 cuspides
849 466 1109 506 penetrassent,
1131 458 1197 491 nisi
1219 471 1346 505 corpus
1370 457 1487 491 suisset
1510 457 1843 504 circumscriptum?
1871 457 1970 492 Num
1991 458 2074 492 hinc

391 520 494 553 etiam
515 519 565 553 his
588 517 813 565 inopinabilis
836 517 1022 565 impietatis
1043 518 1211 559 alumnis,
1234 517 1407 565 opinionis
1430 517 1669 565 phantasticae
1694 519 1743 564 (1)
1769 517 2005 553 ossundentur
2028 526 2076 552 te-

390 580 542 614 nebrae?
567 578 664 624 Quid
686 579 722 612 ni
745 579 839 612 enim
860 577 927 612 sint
951 578 1110 625 reprobi,
1131 577 1191 625 qui
1215 587 1370 613 mentem
1392 578 1521 611 habent
1544 577 1763 625 animamque
1786 578 2049 612 obtenebratam
2065 606 2073 621 ,

389 640 578 688 loquentes
599 639 784 686 perversa?
808 639 899 672 hona
921 638 1014 672 enim
1035 638 1128 685 loqui
1151 638 1337 680 nesciunt,
1361 638 1441 672 inali
1466 651 1546 672 cum
1568 638 1658 679 sint,
1680 652 1720 671 ex
1744 651 1845 685 pravo
1868 637 1980 672 cordis
2003 638 2076 672 the-

389 714 491 734 sauro
518 699 673 747 praviora
701 699 954 746 depromentes.
983 698 1126 737 “Nonne
1143 698 1260 745 itaque
1288 698 1504 746 deprehensa
1533 707 1583 732 est
1611 698 1760 732 istorum
1790 697 1969 745 impietas,
1991 712 2077 745 quo-

389 760 492 794 modo
521 759 682 793 videlicet
709 758 844 793 inimici
873 758 986 792 crucis
1017 757 1172 799 Christi,
1203 771 1343 793 crucem
1370 758 1517 806 quidem
1544 758 1707 792 venerari
1737 757 1930 800 simulant,
1959 757 2075 805 ipsum

390 835 471 856 vero
498 821 611 855 erucis
634 828 754 868 typum
781 822 829 867 (2)
858 833 939 854 cum
964 818 1066 853 saeris
1091 819 1352 854 characteribus
1376 820 1556 854 subruunt
1580 819 1866 867 dcstruuntq‘ue?

495 883 551 927 34.
581 880 678 927 Quid
699 894 777 927 ergo
799 881 833 913 hi
856 880 975 922 aiunt,
997 880 1099 914 verba
1120 879 1236 914 dolosa
1260 889 1291 914 et
1313 881 1449 928 obliqua
1472 880 1698 915 est'utientes?
1723 886 1771 925 (ᾖ)
1796 879 1938 928 Typum
1960 879 2074 914 crucis

394 946 441 985 ἄ)
471 942 670 983 adoramus,
688 949 827 988 propter
849 940 950 975 illum
971 939 1033 988 qui
1055 940 1092 974 in
1115 953 1153 974 ea
1174 940 1239 974 suit
1261 949 1435 976 extensus.
1463 945 1510 984 059
1535 940 1718 988 Explorata
1739 949 1858 975 autem
1878 949 1928 975 est
1949 940 2074 974 horum

389 1003 538 1037 amentia
561 1011 593 1036 ct
616 1001 834 1048 improbitas,
858 999 951 1048 quod
973 1013 1098 1047 nempe
1120 1000 1374 1035 sanctificantis
1397 1009 1520 1048 typum
1540 1001 1791 1036 abominantur
1812 1015 1850 1035 ac
1871 1001 2074 1048 despuunt,

389 1063 647 1097 sanctificatum
668 1069 785 1095 autem
806 1061 977 1094 honorare
1005 1060 1175 1094 videntur
1198 1061 1261 1108 (3).
1283 1060 1391 1108 Atqui
1421 1061 1597 1108 quomodo
1627 1062 1866 1096 sanctificatus
1893 1069 2017 1108 typus,
2039 1059 2075 1094 id

393 1131 442 1158 est
461 1137 563 1164 crux,
582 1122 670 1164 suit,
688 1130 725 1156 ut
747 1121 809 1168 ipsi
828 1121 967 1163 volunt,
986 1121 1014 1154 si
1038 1120 1199 1155 Christus
1220 1135 1297 1155 vere
1320 1121 1356 1155 in
1379 1135 1519 1169 corpore
1542 1136 1613 1156 non
1639 1130 1689 1156 est
1709 1122 1854 1169 passus?
1876 1120 1971 1155 lluic
1993 1134 2077 1166 ergo

391 1184 560 1218 amentiae
588 1191 693 1230 atque
723 1181 877 1215 insaniae
906 1195 950 1215 ne
980 1181 1191 1229 respondere
1220 1181 1361 1229 quidem
1392 1190 1584 1230 oporteret:
1608 1182 1818 1230 respondere
1848 1182 1941 1216 enim
1968 1180 2075 1215 stulto

392 1244 486 1279 iuxta
508 1243 693 1279 stultitiam
722 1256 837 1284 suam,
858 1250 1018 1276 vetamur
1042 1243 1068 1278 *ἦ
1094 1241 1167 1276 Sed
1195 1242 1290 1276 enim
1316 1250 1458 1290 propter
1485 1243 1589 1277 huius
1617 1242 1790 1277 sermonis
1817 1242 2000 1276 veritatem
2020 1240 2078 1275 ad-

392 1305 596 1346 serendam,
618 1304 808 1350 scriemque
837 1302 1044 1345 tenendam,
1066 1311 1170 1351 atque
1194 1311 1231 1337 ut
1255 1303 1488 1350 pientioribus
1518 1303 1809 1352 persuadeamus,
1831 1302 1877 1337 ita
1906 1301 2078 1337 dicimus:

391 1365 502 1414 primo
529 1364 674 1413 quidem
695 1371 822 1397 cuncta
843 1376 933 1410 quae
956 1362 991 1396 in
1013 1362 1160 1397 ecclesia
1181 1361 1250 1397 Dei
1271 1371 1374 1406 sunt,
1396 1377 1490 1398 sacra
1520 1377 1593 1398 esse
1616 1377 1654 1398 ac
1679 1371 1817 1405 saneta,
1840 1376 1905 1397 nos
1931 1361 2019 1397 scire
2042 1370 2077 1396 ct

394 1426 574 1471 confiteri,
599 1425 746 1472 ideoque
775 1423 972 1458 veneranda
994 1431 1028 1457 et
1049 1423 1207 1470 religiosa
1236 1423 1366 1471 pariter
1393 1424 1517 1458 haberi
1546 1438 1565 1458 a
1593 1424 1695 1458 nobis
1724 1432 1827 1471 atque
1849 1422 2075 1467 lionoranda3

391 1486 544 1534 nihilque
570 1499 639 1520 esse
662 1485 696 1518 in
720 1484 759 1518 iis
781 1483 971 1530 inglorium
993 1492 1053 1517 aut
1076 1482 1250 1530 ignobile,
1274 1492 1310 1518 ut
1334 1484 1402 1518 iam
1423 1484 1502 1518 alibi
1527 1484 1691 1520 diximus.
1720 1483 1848 1532 Neque
1870 1483 1953 1517 licet
1974 1482 2075 1517 nobis

392 1547 570 1588 fidelibus,
589 1559 704 1594 neque
726 1543 932 1578 traditiones
956 1543 1096 1577 illorum
1109 1572 1116 1586 ,
1135 1543 1196 1591 qui
1216 1543 1399 1578 doctrinae
1417 1552 1558 1578 nostrae
1578 1543 1805 1590 antesignani
1826 1543 1988 1584 suerunt,
2007 1556 2077 1576 mo-

392 1615 478 1641 nent
500 1615 537 1641 ut
559 1605 803 1640 distinctiones
832 1603 918 1638 ullas
946 1612 979 1637 et
1008 1603 1272 1651 disquisitiones
1301 1604 1491 1647 faciamus,
1514 1604 1599 1653 quid
1622 1604 1667 1638 sit
1692 1603 1845 1652 primum
1871 1602 1926 1637 vel
1954 1616 2077 1636 secun-

393 1667 477 1701 dum
491 1696 498 1709 ,
522 1666 607 1715 quid
629 1665 704 1713 plus
724 1665 777 1699 vel
799 1664 916 1698 minus
938 1663 1153 1699 honorabile.
1180 1664 1342 1713 Namque
1365 1665 1399 1699 id
1423 1679 1524 1700 omne
1547 1665 1589 1700 ab
1612 1664 1811 1699 infidelium
1833 1671 1867 1698 et
1889 1663 2076 1711 impiorum

394 1728 523 1762 malitia
546 1735 614 1762 est:
637 1735 737 1775 puta,
755 1726 783 1760 si
805 1727 869 1760 hoc
892 1725 1083 1759 adoravero
1105 1725 1159 1759 vel
1182 1739 1301 1768 secus,
1321 1725 1476 1760 salvabor
1496 1740 1541 1760 ne
1563 1739 1607 1760 an
1630 1725 1754 1760 secus?
1771 1724 1901 1759 melius
1924 1738 1967 1757 ne
1990 1724 2074 1765 hoc,

393 1802 437 1823 an
466 1788 576 1823 illud?
605 1786 709 1832 Quod
739 1800 820 1820 sane.
850 1799 1005 1820 summae
1035 1785 1201 1820 stultitiae
1230 1799 1269 1820 ac
1297 1785 1460 1820 ruditatis
1489 1787 1637 1828 horum,
1659 1785 1722 1833 qui
1749 1799 1844 1819 nunc
1867 1784 1946 1819 talia
1973 1798 2076 1833 quae-

393 1857 495 1891 runt,
515 1847 689 1882 indicium
713 1854 771 1882 est.
794 1845 890 1891 Quid
915 1846 1008 1879 enim
1030 1845 1295 1893 respondebunt
1310 1846 1443 1880 dicenti
1461 1847 1494 1882 *ἢ
1511 1853 1533 1867 “
1556 1846 1583 1880 si
1602 1846 1715 1892 legem
1738 1845 1933 1880 universam
1948 1844 2076 1892 aliquis

396 1938 418 1951 ,‚
446 1908 650 1950 servaverit,
672 1908 708 1941 in
739 1921 811 1941 uno
839 1914 954 1940 autem
982 1906 1143 1941 mandato
1172 1907 1352 1949 offendat,
1374 1908 1486 1942 factus
1516 1915 1566 1941 est
1593 1906 1752 1941 omnium
1780 1907 1884 1942 reus?
1910 1934 1932 1948 „
1954 1905 2075 1953 Atque

392 1970 473 2004 haee
503 1969 544 2003 de
574 1969 739 2016 legalibus
767 1967 923 2009 actibus,
945 1967 997 2001 vel
1019 1968 1124 2002 etiam
1152 1967 1193 2001 de
1222 1967 1524 2016 irreprehensibili
1555 1976 1588 2002 et
1613 1967 1837 2014 integerrima
1860 1967 1925 2001 {ide
1949 1975 2076 2001 nostra.

391 2031 472 2066 Non
494 2039 543 2065 est
565 2044 643 2077 ergo
665 2044 682 2063 a
704 2029 801 2063 nobis
823 2028 912 2062 circa
934 2028 1019 2063 haec
1042 2027 1246 2071 rixandum,
1264 2029 1433 2076 quoniam
1454 2029 1528 2076 pari
1548 2028 1656 2075 gradu
1680 2027 1883 2062 honoranda
1905 2041 1978 2061 esse
1999 2041 2076 2061 san-

391 2101 464 2135 cta,
487 2105 664 2126 sacrorum
688 2098 826 2138 patrum
852 2103 1002 2123 canones
1027 2089 1197 2124 divinitus
1222 2090 1307 2124 editi
1331 2090 1570 2138 l'iraecipiunt.

495 2154 551 2189 35.
579 2152 829 2187 Verumtamen
859 2160 999 2199 propter
1027 2152 1218 2186 stultorum
1248 2152 1508 2186 contumaciam
1536 2160 1639 2199 atque
1668 2151 1946 2200 impudentiam,
1974 2151 2075 2199 paulo

393 2213 565 2248 curiosius
594 2213 637 2247 dc
667 2213 727 2247 hac
757 2227 791 2247 re
821 2212 1066 2247 disserendum
1095 2221 1281 2260 putamus,
1307 2212 1427 2247 neutri
1453 2212 1598 2260 quidem
1624 2212 1675 2246 rei
1700 2213 1825 2260 (cruci
1848 2220 1883 2246 et
1905 2211 2072 2260 imagini)

391 2275 559 2309 honorem
582 2282 769 2321 negantes,
790 2273 848 2307 sed
870 2281 1047 2320 quatenus
1070 2288 1109 2307 ex
1132 2273 1391 2322 disquisitionis
1415 2274 1670 2322 consequentia
1692 2273 1874 2321 provenit,
1898 2281 2076 2321 praestan-

394 2335 475 2369 tiam
499 2334 683 2383 quamdam
705 2335 795 2368 inter
824 2334 882 2368 has
912 2333 1019 2381 ipsas,
1041 2334 1138 2368 brevi
1165 2348 1325 2368 sermone
1352 2342 1551 2369 statuentes.
1579 2333 1743 2368 Dicimus
1771 2333 1912 2381 itaque,
1936 2342 1972 2368 ut
1994 2348 2010 2367 a
2034 2333 2076 2367 si-

395 2396 463 2430 mili
485 2395 627 2429 initium
650 2394 842 2442 capiamus:
867 2394 1031 2442 quoniam
1055 2403 1087 2428 et
1110 2395 1183 2442 ipsa
1204 2395 1315 2441 imago
1345 2395 1515 2429 eiusmodi
1538 2403 1609 2440 est3
1665 2395 1775 2440 imago
1801 2393 1931 2428 Christi
1959 2393 2076 2427 simili-

396 2456 479 2492 tudo
509 2457 585 2491 eius
609 2464 677 2497 est,
699 2464 733 2489 et
756 2454 888 2502 corpori
911 2454 983 2488 eius
1004 2454 1126 2488 similis
1150 2463 1201 2488 est
1216 2483 1223 2497 ,
1245 2455 1467 2503 figuramque
1491 2454 1648 2502 corporis
1676 2454 1751 2488 eius
1780 2454 1881 2488 nobis
1909 2453 2075 2488 describit

393 2525 425 2551 et
446 2516 620 2558 delineat,
642 2530 679 2549 ac
701 2515 849 2562 speciem
869 2515 1073 2557 denuntiat,
1098 2524 1132 2550 et
1154 2515 1297 2550 modum
1318 2515 1464 2550 actionis
1488 2516 1538 2550 vel
1560 2515 1744 2550 doctrinae
1766 2515 1819 2549 vel
1840 2514 2012 2563 passionis
2034 2523 2074 2549 ut

392 2577 587 2625 plurimum
605 2574 772 2609 imitando
794 2574 974 2621 signifieat.
998 2574 1127 2622 Figura
1145 2589 1225 2610 vero
1244 2576 1359 2610 crucis
1378 2575 1475 2610 nulla
1493 2584 1590 2624 parte
1612 2575 1734 2610 similis
1753 2584 1803 2610 est
1821 2575 1959 2623 corpori
1976 2576 2073 2617 eius,

392 2638 551 2686 nihilque
575 2650 694 2671 eorum
714 2649 801 2683 quae
822 2635 893 2669 dixi
914 2636 1074 2671 ostendit.
1099 2635 1205 2682 Quod
1222 2645 1341 2671 autem
1362 2637 1473 2672 simile
1492 2645 1543 2671 est
1561 2636 1687 2679 alicui,
1705 2637 1811 2684 magis
1833 2637 2074 2685 propinquum

471 2738 506 2768 (1)
524 2735 609 2763 Ludit
627 2734 795 2770 Nicephorus
815 2734 842 2761 in
861 2734 1000 2762 vocabulis
1019 2737 1139 2771 ἀδόκιμος
1159 2741 1186 2764 et
1205 2737 1326 2769 δόκησις,
1346 2736 1418 2772 quod
1439 2745 1524 2772 aeque
1544 2737 1602 2763 tieri
1623 2736 1707 2764 latine
1726 2744 1782 2763 non
1804 2740 1903 2772 potest.

471 2784 506 2813 ⁴12)
525 2782 627 2814 Nempe
645 2779 745 2806 Christi
766 2779 927 2813 imaginem,
947 2788 977 2805 ex
996 2789 1049 2814 qua
1069 2781 1190 2808 derivata
1211 2781 1318 2809 videtur
1337 2782 1427 2808 erucis
1447 2782 1544 2815 ligura.

470 2829 505 2858 ¹43)
526 2826 584 2852 Hoc
603 2824 670 2851 dicit
687 2824 752 2859 quia
772 2823 944 2850 iconomachi
964 2824 1111 2859 imaginem
1130 2826 1230 2853 Christi
1251 2826 1463 2859 aversabantur,
1483 2834 1592 2853 crucem
1612 2833 1668 2853 non
1688 2826 1768 2860 item,
1789 2830 1821 2854 ut
1839 2834 1902 2854 mox
1921 2825 2035 2862 patebit.
