2203 3331
748 198 811 222 rao
835 197 963 221 sinens
990 197 1190 220 mammam.
1741 186 1808 220 199

133 259 259 289 stratae
273 283 280 297 ,
301 253 348 289 ita
368 261 407 288 ut
429 251 548 288 fideles
570 265 616 288 ne
636 253 839 288 memoriam
861 252 1002 301 quidem
1022 251 1166 286 idolicae
1187 251 1455 287 abominationis
1476 252 1710 294 retinuerint,
1734 251 1807 286 cui-

132 315 219 350 libet
245 314 402 350 ethnicae
423 313 626 362 mortalique
647 322 841 348 sententiae
863 312 1020 361 impervii
1040 325 1174 359 semper
1195 320 1391 348 manentes.
1414 319 1436 333 ‘⁵
1462 312 1516 347 De
1539 312 1624 347 Sion
1644 312 1806 347 videlicet

134 401 159 418 „
188 375 296 410 exibit
312 375 385 416 lex,
406 382 441 408 et
459 374 606 409 verbum
626 373 773 409 Domini
795 373 838 407 de
862 372 1079 407 Hierusalem
1096 374 1122 407 ᾗ.
1147 400 1170 414 „
1192 370 1354 419 Namque
1375 386 1416 407 ex
1434 373 1495 407 hac
1513 373 1698 416 materiali,
1716 386 1803 421 quae

128 436 239 483 figura
264 444 316 469 est
339 448 515 482 supernae
539 434 782 476 Hierusalem,
804 433 921 468 divina
942 432 1100 467 doctrina
1121 431 1261 480 publice
1286 432 1435 479 prodiit,
1458 441 1675 481 cunctosque
1701 447 1805 468 occu-

127 495 220 543 pavit
240 494 364 529 mundi
387 495 482 531 fines.
510 494 584 529 lllic
607 495 701 529 enim
725 502 854 529 cuncta
877 493 994 528 salutis
1015 501 1151 527 nostrae
1171 500 1309 540 peracta
1329 492 1428 527 suere
1450 493 1620 540 mysteria.
1646 493 1805 528 Tantum

125 564 244 591 autem
269 555 449 590 umbratili
477 555 524 589 illi
549 563 583 590 et
606 555 744 589 litterali
771 554 859 600 legi,
884 567 971 602 quae
996 553 1031 587 in
1056 561 1174 587 monte
1201 552 1286 587 Sina
1311 566 1370 600 per
1396 553 1537 599 angelos
1561 553 1690 588 dictata
1712 554 1802 595 fuit,

127 624 303 664 praestare
329 616 418 650 haec
442 624 557 650 nostra
584 615 759 657 creditur,
780 623 951 662 quantum
975 613 1210 648 materialibus
1233 621 1407 661 praestant
1429 612 1675 649 immaterialia.
1699 614 1802 649 Illinc

123 676 213 711 sacri
237 690 380 724 quoque
408 675 575 724 apostoli,
597 683 719 721 gentes
748 674 931 717 edocturi,
954 673 1070 708 emissi
1097 682 1201 715 sunt,
1222 681 1262 708 ut
1289 673 1427 721 planam
1455 673 1547 707 illam
1575 674 1802 708 rectissimam

123 747 163 771 ac
185 736 373 771 salutarem
391 736 479 770 viam
502 735 743 770 subsecuturis
762 742 1023 783 perpurgarent.
1042 740 1064 755 ‘⁶
1086 733 1132 768 Et
1152 733 1325 768 iudicabit
1346 732 1384 767 in
1405 733 1523 767 medio
1542 733 1698 780 gentium
1717 734 1802 768 mul-

124 805 240 831 tarum
266 798 292 831 *ἶ
319 824 341 839 ,,
364 795 452 831 sam
480 795 542 843 qui
562 795 631 829 iam
658 795 699 829 ad
727 795 856 841 gratiae
886 795 1082 830 doctrinam
1110 802 1360 836 accesserunt,
1383 802 1417 829 et
1444 793 1536 842 quod
1557 794 1800 828 necessarium

123 866 197 891 erat
217 856 444 898 didicerunt,
462 855 699 890 dominantem
720 863 823 890 antea
844 855 1105 898 infidelitatem,
1126 855 1198 903 ipsa
1220 867 1339 890 rerum
1361 862 1534 901 gestarum
1552 854 1697 888 veritate
1722 867 1802 888 con-

121 917 204 952 victi
233 917 429 963 damnant3
460 916 561 951 cuius
591 916 641 950 rei
668 916 703 950 in
731 930 768 951 se
798 916 881 965 ipsis
909 925 1109 964 argumenta
1137 916 1267 950 habent
1294 915 1401 949 vitam
1428 914 1523 949 haud
1554 922 1671 948 sancte
1700 914 1799 962 prius

122 987 259 1020 actam,
282 985 583 1026 spontaneamque
606 991 813 1012 arcanorum
834 977 1026 1012 criminum
1050 977 1316 1011 damnationem
1343 975 1548 1022 divulgant3
1571 988 1724 1023 quorum
1751 989 1800 1010 sa-

120 1039 258 1086 pienter
283 1052 438 1087 sanoque
460 1051 539 1072 cum
561 1038 691 1072 iudicio
719 1046 980 1073 nocumentum
1001 1046 1034 1072 et
1054 1038 1195 1086 plenam
1221 1036 1384 1085 periculis
1408 1036 1517 1071 aleam
1544 1034 1797 1083 despicientes,

118 1099 161 1133 ad
184 1099 323 1134 meliora
346 1107 381 1134 et
407 1099 506 1134 utilia
527 1112 566 1133 ac
587 1098 783 1141 salutifera,
805 1098 920 1133 studio
941 1098 1088 1147 inpenso
1112 1106 1380 1133 convertuntur.
1404 1095 1510 1143 Quod
1536 1105 1655 1131 autem
1677 1091 1797 1131 manu·-

118 1161 292 1195 sactorum
321 1160 496 1195 idolorum
526 1174 609 1195 cura
638 1168 671 1194 et
698 1159 826 1195 fiducia
853 1160 1013 1207 abrogata
1040 1159 1103 1201 sit,
1127 1167 1159 1193 et
1186 1159 1409 1193 adoratorum
1437 1158 1472 1192 in
1501 1157 1555 1192 his
1583 1157 1796 1192 daemonum

118 1221 235 1256 cultus
264 1221 412 1256 abolitus
438 1235 456 1255 a
485 1229 672 1269 conspectu
701 1220 827 1266 gloriae
855 1234 894 1255 ac
922 1220 1047 1254 virium
1076 1219 1358 1268 supervenientis
1389 1218 1602 1260 ServatoriS,
1627 1218 1687 1266 qui
1716 1231 1796 1253 con·

118 1282 223 1329 fregit
242 1282 350 1317 veluti
368 1291 472 1331 atque
492 1281 661 1317 contrivit
680 1289 836 1316 terrenas
856 1295 895 1315 ac
918 1280 1028 1316 luteas
1048 1280 1275 1327 cogitationes
1294 1280 1391 1315 idolis
1408 1279 1630 1321 deditorum,
1650 1293 1686 1313 ea
1705 1292 1793 1326 quae

117 1343 221 1391 paulo
242 1351 317 1391 post
337 1343 455 1378 subdit
476 1343 527 1377 vir
548 1342 657 1377 deifer
678 1342 976 1377 demonstrabunt.
997 1340 1060 1375 Ait
1082 1341 1179 1376 enim
1196 1343 1230 1377 ²¹²:
1248 1347 1271 1362 “
1295 1350 1326 1375 et
1349 1342 1544 1375 manufacta
1565 1341 1681 1374 omnia
1703 1340 1791 1374 idola

119 1431 143 1445 ‚,
171 1404 407 1447 abscondent,
430 1404 627 1439 deferentes
648 1403 684 1437 in
705 1403 888 1451 speluncas
902 1431 910 1445 ,
932 1410 965 1437 et
991 1411 1168 1450 petrarum
1196 1402 1358 1436 scissuras
1381 1409 1567 1449 terraeque
1592 1401 1791 1447 voragines,

117 1491 140 1505 „
168 1477 249 1511 prae
270 1464 394 1499 timore
415 1463 583 1506 Domini,
601 1472 634 1499 et
653 1478 672 1499 a
695 1471 883 1512 conspectu
905 1463 1033 1510 gloriae
1055 1470 1089 1497 et
1109 1463 1236 1498 virium
1259 1462 1351 1504 eius,
1372 1475 1453 1497 cum
1473 1462 1515 1496 ad
1539 1461 1791 1496 conterendam

116 1551 140 1565 ,.
169 1532 297 1559 terram
319 1525 585 1561 consurrexerit.
611 1553 634 1567 „
657 1524 708 1559 Ex
731 1524 804 1567 his,
826 1524 990 1572 inquam,
1012 1524 1081 1558 iam
1103 1524 1142 1558 fit
1164 1523 1379 1571 exploratum
1403 1523 1566 1557 omnibus
1580 1550 1588 1565 ,
1612 1523 1675 1570 qui
1696 1531 1790 1557 certe

113 1592 206 1618 recta
233 1598 350 1632 sapere
377 1585 518 1627 volent,
547 1585 854 1619 daemoniacorum
885 1583 1059 1618 idolorum
1086 1592 1264 1631 peractum
1294 1583 1543 1618 exterminium
1576 1591 1607 1616 et
1640 1582 1790 1618 abolitio.

112 1643 205 1679 Item
225 1659 314 1693 quae
336 1645 385 1679 ibi
407 1646 692 1693 subsequuntur,
715 1644 864 1679 eandem
886 1644 1100 1678 sententiam
1122 1644 1334 1692 exprimunt.
1356 1643 1467 1677 Addit
1490 1643 1606 1690 itaque
1628 1645 1665 1678 ¹²²:
1687 1649 1709 1663 “
1734 1642 1789 1678 die
1826 1656 1836 1665 ·

166 1704 223 1739 illa
250 1705 412 1753 proiiciet
439 1706 540 1740 homo
568 1705 844 1740 abominationes
869 1718 947 1739 suas
969 1712 1146 1751 argenteas
1168 1717 1358 1752 aureasque
1373 1732 1380 1746 ,
1402 1717 1488 1751 quas
1511 1703 1592 1737 olim
1616 1716 1706 1737 caras
1734 1703 1791 1737 ha-

165 1766 286 1808 bebat,
308 1766 393 1801 dum
415 1766 575 1801 adoraret
594 1780 650 1800 res
671 1779 774 1800 vanas
796 1780 836 1800 ac
857 1765 1137 1813 vespertiliones:
1159 1764 1310 1812 durique
1337 1764 1406 1799 saxi
1431 1778 1590 1798 cavernas
1613 1763 1789 1809 ingredie-

167 1834 246 1868 tur,
268 1834 515 1874 petrarumque
545 1827 731 1867 scissuras,
753 1839 771 1859 a
799 1826 886 1860 facie
915 1825 1114 1860 formidinis
1143 1824 1310 1866 Domini,
1338 1833 1370 1859 et
1397 1838 1413 1858 a
1442 1824 1546 1870 gloria
1574 1823 1790 1858 fortitudinis

116 1732 138 1747 99

114 1793 137 1807 37

114 1853 137 1868 95

168 1886 264 1929 eius,
288 1900 369 1921 cum
392 1887 584 1921 surrexerit
610 1894 792 1921 conterere
820 1894 955 1920 terram.
984 1913 1007 1927 „

213 1949 274 1993 42.
302 1947 377 1982 Iam
400 1947 429 1981 si
452 1947 532 1995 quis
560 1947 739 1995 exquiret,
762 1960 934 1994 quaenam
958 1946 1101 1980 demum
1127 1945 1200 1979 dies
1223 1945 1285 1987 sit,
1309 1959 1377 1994 qua
1403 1945 1560 1993 proiiciet
1583 1945 1687 1978 homo
1711 1944 1788 1979 abo-

110 2007 319 2042 minationes
342 2021 421 2042 suas
441 2016 623 2054 argenteas
645 2020 860 2055 aureasque,
882 2006 1066 2041 manifeste
1090 2006 1279 2054 comperiet
1304 2006 1397 2040 illam
1420 2020 1514 2047 esse,
1537 2019 1605 2053 qua
1626 2005 1785 2039 omnium

109 2067 288 2102 Dominus
314 2068 351 2102 in
376 2067 550 2102 mundum
573 2067 689 2109 venit,
712 2081 844 2115 suoque
871 2066 1021 2101 adventu
1050 2067 1175 2101 fortem
1201 2066 1367 2112 alligans,
1391 2066 1482 2113 cepit
1508 2074 1611 2113 atque
1636 2065 1785 2113 diripuit

108 2141 186 2162 vasa
206 2128 319 2170 illius,
340 2128 376 2162 id
397 2136 447 2162 est
467 2142 649 2176 oppressos
671 2127 858 2175 tyrannide
881 2127 1038 2162 eiusdem
1059 2127 1238 2169 homines,
1262 2127 1312 2161 uti
1333 2127 1502 2174 scriptum
1524 2134 1576 2160 est
1597 2127 1623 2161 ὓ.
1645 2125 1783 2161 Idcirco

110 2188 158 2223 ait
181 2190 217 2225 ³²:
241 2195 265 2209 “
288 2197 370 2223 ante
398 2202 503 2237 quam
530 2203 620 2236 puer
648 2188 735 2223 sciat
761 2188 932 2236 appellare
959 2197 1091 2236 patrem
1119 2196 1181 2222 aut
1207 2195 1373 2229 matrem,
1400 2187 1495 2221 tollet
1521 2187 1689 2221 virtutem
1714 2185 1785 2221 Da-

114 1914 138 1928 99

111 2277 134 2291 „
164 2250 290 2292 masei,
311 2258 346 2284 et
372 2250 480 2297 spolia
509 2249 711 2292 Samariae,
735 2262 849 2284 coram
878 2263 958 2296 rege
979 2248 1214 2297 Assyriorum.
1240 2276 1262 2290 „
1285 2247 1397 2282 Erant
1424 2257 1542 2282 autem
1568 2247 1630 2282 hae
1659 2256 1785 2282 metro-

107 2310 203 2358 poles
231 2309 423 2347 Damascus
451 2319 485 2346 et
507 2309 684 2352 Samaria,
708 2310 764 2345 illa
793 2310 938 2359 quidem
961 2309 1085 2358 Syriae
1115 2318 1202 2344 tunc
1230 2309 1447 2356 praesidens,
1472 2317 1505 2343 et
1528 2307 1697 2356 Syrorum
1722 2308 1783 2343 im-

106 2370 202 2418 perio
229 2370 381 2418 pollensg
405 2371 487 2405 haec
516 2379 633 2405 autem
661 2371 784 2405 decem
813 2371 973 2405 tribuum
1001 2370 1152 2404 Israliele
1183 2369 1414 2404 oriundarum
1442 2378 1618 2417 sceptrum
1644 2377 1780 2404 tenens.

106 2430 238 2465 Ambae
259 2431 415 2479 apprime
434 2431 685 2473 idololatricae,
706 2439 740 2465 et
757 2431 887 2465 diaboli
909 2431 990 2477 iugo
1008 2430 1204 2472 subiectae,
1222 2429 1303 2464 totis
1322 2430 1446 2478 opibus
1464 2430 1667 2477 viribusque
1686 2430 1781 2464 omni

106 2491 282 2527 idolorum
309 2493 427 2539 generi
449 2492 606 2535 deditae,
630 2492 880 2540 superstitione
901 2491 1069 2526 dlabolica
1099 2505 1241 2540 prorsus
1270 2491 1479 2539 implicitae,
1502 2491 1547 2526 ita
1568 2499 1609 2525 ut
1635 2505 1670 2525 se
1698 2499 1782 2525 tam-

107 2565 213 2599 quam
239 2553 406 2601 palatium
432 2553 606 2602 quoddam
634 2561 669 2587 et
695 2552 882 2587 donarium
908 2551 1142 2600 praecipuum
1171 2565 1211 2586 ac
1239 2552 1440 2599 proprium,
1463 2551 1590 2586 diaboli
1617 2551 1781 2599 potestati

107 2611 356 2649 exhibuissent.
384 2613 457 2649 Per
484 2615 541 2648 has
569 2628 648 2661 ergo
676 2614 781 2648 urbes
809 2620 929 2661 utpote
959 2612 1092 2660 regiaS,
1119 2620 1153 2646 et
1181 2612 1311 2646 malitia
1338 2621 1577 2661 praestantes,
1603 2620 1781 2659 tamquam

104 2680 218 2707 totum
240 2688 281 2708 ex
302 2683 400 2723 parte
427 2675 654 2724 propheticus
682 2675 785 2709 nobis
813 2687 926 2709 sermo
952 2673 1180 2720 significavit,
1202 2686 1330 2721 nempe
1352 2682 1384 2708 et
1408 2673 1588 2708 ethnicum
1608 2686 1717 2719 genus
1745 2680 1778 2706 et

104 2732 180 2767 illos
202 2734 262 2782 qui
283 2748 323 2769 ex
346 2736 613 2772 circumcisione
635 2735 874 2771 crediderunt.
902 2733 964 2769 Sic
985 2742 1084 2768 natus
1105 2733 1201 2768 nobis
1221 2748 1332 2782 puer,
1355 2735 1415 2769 cui
1435 2747 1642 2782 puerascere
1665 2732 1778 2767 nostri

105 2806 207 2828 causa
226 2794 377 2841 placuit,
396 2796 629 2844 depraedatur
650 2805 683 2831 et
703 2797 819 2831 aufert
839 2795 944 2830 hostis
964 2794 1070 2842 spolia
1090 2802 1195 2843 atque
1217 2802 1456 2843 potentatum3
1477 2794 1511 2828 id
1534 2802 1586 2828 est
1605 2793 1647 2827 de
1667 2805 1776 2826 manu

104 2852 181 2888 eius
205 2853 308 2903 eripit
327 2856 499 2905 quicquid
521 2857 587 2906 ipsi
608 2857 835 2904 subiugatum
863 2854 1132 2903 devinctumque
1160 2854 1305 2903 imperio
1328 2854 1405 2889 eius
1426 2862 1505 2889 erat.
1534 2853 1625 2887 Hinc
1647 2851 1779 2887 doctri·

1841 384 1852 394 ⁶
1867 383 1892 404 ts.
1909 383 1935 403 11.
1951 386 1969 404 3,

1835 809 1845 817 ’
1860 807 1928 828 Μίῡὴ,
1946 809 2019 830 1515.

1828 1352 1838 1362 ’
1854 1351 1881 1371 15.
1898 1352 1923 1372 ll.
1942 1354 1972 1371 15¹.

1819 2138 1830 2149 ’
1842 2137 2026 2158 Mauh.).1[.2·.³.

1819 2200 1829 2211 ¹
1845 2198 1872 2219 Is.
1889 2199 1949 2219 UH,
1968 2204 1984 2219 b.
