2203 3331
736 203 799 228 PRO
824 203 952 228 SANCTIS
978 203 1178 227 lMAGINmt's.
1730 196 1795 231 183

125 260 353 312 gitationibus
381 260 473 303 suis,
497 268 531 295 et
560 258 834 294 obtenebratum
861 268 913 294 est
939 259 1108 307 insipiens
1137 259 1275 293 illorum
1305 275 1361 295 cor
1381 262 1419 308 ἢ
1445 262 1527 311 quia
1548 275 1658 311 quum
1677 260 1796 297 Deum

125 323 380 372 cognovissent,
402 335 473 356 non
495 330 536 356 ut
556 320 674 355 Deum
696 320 1000 367 glorificaverunt,
1022 329 1082 355 aut
1104 320 1189 366 grati
1209 335 1288 367 erga
1312 336 1391 356 eum
1414 324 1579 370 suerunt3
1601 323 1661 359 sed
1683 337 1799 359 coram

125 397 266 421 suarum
293 396 463 418 manuum
490 382 649 431 operibus
676 381 855 416 humiliter
877 396 912 416 se
937 389 1223 430 prostraverunt,
1248 390 1280 415 et
1308 391 1499 419 creaturam
1528 386 1692 420 creatoris
1720 385 1798 420 loco

126 446 381 486 adoraverunt,
405 452 438 478 et
466 442 703 478 abominandis
733 442 945 491 impurisque
972 442 1201 477 daemonibus
1222 442 1380 477 debitum
1401 443 1478 479 1)οο
1505 446 1639 481 0111111111
1667 447 1801 482 01111110-

124 513 221 540 runt.
251 504 323 539 Sed
346 505 383 539 in
405 505 456 539 his
477 504 561 539 aliae
582 511 702 550 gentes
730 503 933 550 glorientur.
961 502 1072 551 Atqui
1094 503 1185 538 idola
1207 503 1365 550 gentium
1392 515 1596 551 argentum,
1619 516 1652 542 et
1672 521 1801 544 aurum

125 573 229 606 sunt,
252 579 358 614 opera
378 578 550 600 manuum
571 564 753 598 hominum
768 593 775 607 ,
797 578 882 612 qnae
904 578 1021 613 neque
1042 564 1253 611 loquentur,
1274 577 1389 612 neque
1420 574 1587 609 cernent,
1610 580 1724 615 neque
1751 566 1801 601 ul-

122 625 258 660 latenus
285 627 534 661 movebuntur.

226 685 396 735 Undique
419 700 500 734 ergo
521 684 728 727 conficitur,
748 685 881 720 etiamsi
900 684 1053 719 veritatis
1074 685 1187 719 hostes
1208 684 1341 727 nolint,
1361 699 1424 720 nos
1448 684 1665 722 Christianos
1684 688 1800 722 victri-

123 761 179 783 ces
207 756 320 796 partes
348 756 480 782 tenere.
507 746 617 781 Nobis
640 746 732 780 euim
753 746 923 794 praecipit
946 745 1098 794 Spiritus
1120 760 1244 781 canere
1265 745 1420 781 Domino
1449 747 1625 782 canticum
1647 762 1798 791 novum,

122 822 194 843 non
217 808 465 856 Hierosolymis
488 807 603 842 solum
623 820 737 854 neque
760 807 797 841 in
820 806 968 849 Iudaea,
992 807 1122 853 exiguis
1149 815 1262 841 terrae
1291 807 1508 842 sectionibus
1523 835 1531 850 ,
1555 808 1611 842 sed
1637 808 1674 842 in
1703 808 1799 843 omni

120 869 197 904 loco
218 869 469 904 dominationis
491 868 563 903 eius
584 867 738 902 levantes
759 882 862 915 puras
882 881 1004 902 manus
1026 868 1062 911 ³³²,
1083 867 1211 902 servire
1233 866 1309 902 Deo
1330 868 1368 902 in
1390 868 1575 903 sanctitate
1599 877 1634 903 et
1654 869 1796 904 iustitia.

121 929 301 976 Quoniam
323 930 481 978 apparuit
502 929 601 964 nobis
622 929 738 963 oriens
760 943 799 963 ex
819 929 908 972 alto,
932 929 1102 977 deditque
1124 928 1225 964 nobis
1246 929 1375 977 populo
1400 943 1464 964 suo
1487 929 1607 964 salutis
1635 929 1798 964 notitiam

120 992 156 1025 in
178 991 419 1026 remissionem
447 997 672 1038 peccatorum
699 998 912 1027 nostrorum.
942 989 994 1025 Ita
1021 1004 1105 1033 nos,
1128 998 1252 1038 utpote
1273 990 1423 1039 populus
1452 991 1527 1025 eius
1555 990 1798 1026 iubilationem

119 1052 364 1098 agnoscimus,
391 1060 423 1086 et
451 1052 487 1086 in
515 1050 647 1086 lumine
675 1051 793 1085 vultus
821 1051 895 1086 eius
923 1051 1162 1093 ambulamus,
1186 1065 1430 1100 speramusque
1459 1052 1495 1086 in
1525 1065 1606 1086 eum
1634 1051 1796 1086 universa

119 1112 342 1159 congregatio
368 1112 596 1160 populorum,
617 1125 732 1159 neque
762 1120 813 1146 est.
834 1112 926 1160 apud
958 1111 1173 1147 Christianos
1195 1111 1290 1147 Deus
1318 1126 1459 1155 recens,
1482 1112 1543 1147 sed
1572 1126 1685 1147 unum
1713 1127 1797 1147 eun-

119 1171 271 1220 demque
293 1172 413 1208 Deum
433 1171 665 1219 agnoscimus.
690 1171 765 1219 Ego
788 1172 905 1215 enim,
928 1172 1046 1222 inquit
1066 1174 1105 1215 ᾗ,
1128 1171 1225 1207 Deus
1245 1173 1401 1221 primus,
1423 1182 1457 1208 ct
1478 1173 1515 1207 in
1536 1174 1705 1209 futurum.
1728 1172 1794 1216 Et,

118 1241 216 1268 extra
243 1242 275 1268 te
304 1233 410 1268 alium
431 1232 549 1268 Deum
575 1246 647 1267 non
669 1233 852 1275 novimus,
873 1232 951 1268 Deo
979 1233 1144 1269 dicimus.
1173 1233 1309 1268 Notum
1335 1234 1417 1268 feeit
1443 1233 1615 1269 Dominus
1644 1235 1794 1269 salutare

119 1308 245 1336 suum,
269 1295 304 1328 in
328 1303 521 1342 conspeetu
543 1294 702 1340 gentium
723 1293 884 1328 revelavit
906 1293 1078 1329 iustitiam
1105 1307 1203 1328 suam
1230 1295 1256 1330 *ἦ
1286 1293 1472 1339 Quaenam
1492 1309 1593 1343 porro
1614 1295 1700 1330 haee
1727 1295 1794 1338 sit,

118 1354 271 1390 Paulum
292 1355 468 1390 dicentem
489 1355 571 1390 audi
592 1356 627 1391 ᾕτ
649 1361 671 1376 “
695 1355 758 1403 qui
780 1356 890 1389 sactus
913 1364 963 1390 est
983 1354 1083 1389 nobis
1109 1355 1278 1402 sapientia
1301 1370 1319 1390 a
1340 1355 1419 1390 Deo
1448 1364 1480 1390 et
1509 1356 1639 1390 iustitia
1661 1364 1695 1391 et
1718 1370 1795 1391 san-

120 1443 143 1457 „
172 1416 336 1450 ctificatio
366 1424 398 1450 et
424 1416 632 1464 redemptio.
657 1444 680 1458 „
702 1415 764 1450 Est
792 1424 908 1450 autem
933 1415 991 1450 hic
1013 1415 1258 1452 Emmanuhel.
1287 1415 1327 1450 Si
1357 1430 1437 1463 ergo
1458 1417 1494 1451 in
1516 1417 1589 1464 ipso
1616 1416 1794 1451 iustificati

116 1475 184 1509 fide
198 1504 205 1518 ,
227 1489 289 1523 per
310 1476 423 1524 ipsum
445 1477 619 1525 redempti
640 1476 794 1520 suimus,
816 1477 979 1511 viderunt
1002 1477 1095 1511 enim
1115 1490 1235 1511 omnes
1255 1477 1396 1511 termini
1418 1486 1532 1512 terrae
1556 1477 1702 1511 salutare
1724 1476 1794 1511 Dei

115 1537 225 1570 nostri
252 1538 289 1579 ᾗ,
312 1537 528 1585 exploratum
548 1546 599 1572 est
620 1552 676 1572 eos
700 1538 761 1586 qui
783 1552 801 1572 a
821 1546 940 1572 ventre
962 1551 1024 1572 suo
1045 1538 1243 1586 loquuntur
1263 1552 1333 1572 11011
1362 1539 1403 1573 ab
1431 1553 1489 1573 ore
1514 1537 1684 1580 Domini,
1706 1538 1794 1573 solu-

114 1605 261 1645 tumque
287 1598 418 1632 habent
439 1598 481 1632 ad
501 1598 728 1645 blasphemias
756 1607 878 1633 contra
899 1598 1133 1644 Unigenitum
1162 1613 1197 1633 os
1212 1627 1219 1641 ,
1241 1608 1418 1647 tamquam
1438 1600 1480 1633 ab
1501 1598 1721 1634 Antichristo
1747 1599 1794 1633 lo-

116 1657 199 1706 qui,
225 1666 263 1692 ut
290 1663 415 1705 magno
443 1658 594 1693 Iohanni
620 1660 638 1679 ᾗ
665 1657 801 1706 ipsique
831 1658 965 1692 veritati
992 1657 1140 1693 videtur.
1168 1657 1282 1693 Aliter
1311 1660 1407 1693 enim
1433 1674 1474 1694 ac
1502 1660 1612 1694 divini
1641 1659 1793 1708 Spiritus

114 1718 216 1752 verba
243 1727 345 1761 sunt,
367 1718 403 1752 111
423 1719 622 1753 stultissime
645 1718 836 1764 blaterant,
857 1718 917 1766 11111
938 1719 1096 1766 profecto
1118 1732 1314 1767 numquam
1334 1720 1511 1754 canticum
1532 1720 1679 1755 Domini
1709 1721 1794 1756 ceci-

114 1787 267 1822 nerunt,
288 1779 382 1827 quod
402 1787 519 1814 tamen
541 1780 582 1813 ab
603 1778 782 1825 agricolis,
804 1779 1051 1813 mercatoribus
1065 1807 1072 1821 ,
1094 1780 1208 1814 nautis
1222 1808 1230 1822 ,
1254 1788 1287 1815 et
1309 1781 1497 1815 cuiuslibet
1518 1781 1696 1828 dignitatis
1710 1810 1718 1823 ,
1741 1795 1794 1816 ae-

115 1839 216 1882 tatis,
239 1848 273 1874 et
295 1839 505 1874 conditionis
528 1839 732 1874 bominibus
756 1839 895 1874 canitur
915 1853 955 1874 ac
976 1840 1195 1885 celebratur;
1220 1840 1374 1890 ideoque
1401 1842 1450 1876 illi
1474 1856 1554 1889 prae
1581 1842 1708 1877 ceteris
1737 1856 1793 1877 ru-

115 1898 176 1934 des
198 1907 231 1934 et
251 1899 453 1947 insipientes
475 1899 597 1934 merito
621 1899 818 1935 credentur.
848 1898 1087 1945 Quamobrem
1107 1914 1151 1934 110
1172 1901 1370 1936 sacerdotes
1395 1902 1558 1950 quidem,
1580 1911 1619 1936 ut
1639 1916 1698 1950 par
1720 1911 1792 1945 est,

113 1960 353 2007 vocabunturg
377 1974 493 2008 neque
522 1959 636 1994 ullum
663 1960 698 1993 in
723 1960 770 1994 eis
797 1960 1008 1995 sacerdotale
1036 1961 1244 2008 vestigium,
1267 1962 1325 1996 sed
1354 1963 1516 1998 inscitiae
1542 1963 1659 2011 potius
1685 1972 1793 2012 atque

115 2020 294 2068 insaniae,
323 2022 369 2056 ita
397 2029 436 2056 ut
465 2029 499 2055 et
527 2021 597 2055 risu
626 2020 724 2067 digni
753 2021 842 2063 sint,
869 2029 905 2056 et
932 2030 1102 2056 extremas
1131 2036 1259 2069 poenas
1288 2023 1423 2069 daturig
1447 2024 1476 2058 si
1502 2023 1646 2072 quidem
1674 2023 1792 2058 divina

115 2082 278 2125 oracula,
307 2082 386 2129 ipsis
413 2095 474 2116 seu
502 2081 744 2116 sacerdotibus
775 2082 976 2124 commissa,
1006 2095 1087 2117 sano
1116 2083 1258 2129 ingenio
1286 2098 1356 2118 non
1385 2084 1571 2119 valuerunt
1597 2084 1789 2132 percipere.

115 2149 138 2164 “
169 2141 261 2177 Nam
281 2143 334 2177 vir
355 2142 526 2190 insipiens
548 2155 619 2176 non
643 2151 852 2188 cognoscet,
874 2151 909 2177 et
931 2142 1058 2177 stultus
1080 2157 1151 2178 non
1173 2144 1343 2191 intelliget
1364 2145 1446 2180 haec
1469 2146 1495 2180 *ἦ
1521 2173 1543 2187 „
1566 2144 1657 2192 Ergo
1678 2158 1791 2193 quum

117 2202 331 2251 exploratum
356 2204 420 2246 sit,
443 2217 500 2238 eos
520 2217 538 2237 a
559 2203 677 2237 divino
704 2203 837 2251 Spiritu
863 2203 1051 2239 instinctos
1077 2218 1148 2239 non
1172 2204 1288 2254 loqui,
1310 2220 1327 2240 a
1351 2206 1522 2241 contrario
1548 2215 1720 2254 permotos
1745 2206 1791 2241 lo-

115 2264 176 2312 qui
203 2272 422 2312 compertum
448 2272 508 2299 est.

221 2324 278 2359 36.
308 2324 422 2360 Canat
443 2333 561 2359 autem
581 2325 684 2359 nobis
705 2325 871 2373 propheta
891 2325 1083 2373 praedictis
1106 2340 1258 2361 consona
1272 2355 1280 2369 ,
1301 2340 1429 2375 nempe
1451 2327 1487 2361 in
1509 2326 1584 2362 Deo
1608 2327 1790 2362 fundatam

115 2383 300 2419 ecclesiam
320 2398 462 2420 manere
485 2385 699 2420 immobilem
718 2387 754 2422 ³³²:
777 2392 800 2406 “
824 2385 923 2421 Deus
945 2387 980 2420 in
1003 2386 1117 2421 medio
1141 2387 1237 2430 eius,
1261 2397 1295 2422 et
1315 2402 1385 2423 non
1412 2389 1708 2431 commovebiturg
1733 2389 1790 2423 ad-

119 2472 142 2487 „
171 2444 300 2480 iuvabit
321 2460 394 2481 eam
414 2446 514 2481 Deus
534 2459 634 2481 mane
658 2445 825 2481 diluculo.
853 2475 876 2489 „
901 2446 1036 2482 Mitties
1057 2446 1140 2482 licet
1162 2448 1352 2495 impiorum
1380 2449 1554 2484 maleficae
1582 2449 1699 2484 minae
1730 2450 1789 2483 im-

115 2504 228 2539 brium
253 2506 363 2541 instar
389 2507 545 2550 irruant,
565 2508 730 2555 ventique
751 2507 931 2555 nequitiae
954 2507 1109 2554 graviore
1132 2509 1263 2557 impetu
1291 2509 1445 2558 spirent,
1466 2518 1705 2559 torrentesque
1728 2510 1788 2544 1111-

115 2564 251 2611 pietatis
273 2575 449 2615 strepente
470 2567 583 2602 fluctu
605 2580 803 2616 magnoque
824 2580 1002 2603 murmure
1023 2568 1215 2604 volvantur.
1237 2568 1397 2605 Fundata
1420 2578 1472 2605 cst
1491 2571 1586 2605 enim
1606 2585 1706 2619 snpra
1728 2571 1787 2604 1111-

117 2634 248 2661 motam
266 2636 418 2675 petram,
440 2629 501 2677 qui
524 2637 575 2663 est
599 2628 770 2664 Christus.
793 2634 815 2649 ‘⁴
840 2628 974 2663 Omnia
997 2629 1090 2664 enim
1111 2644 1357 2679 quaecumque
1378 2631 1489 2667 voluit
1512 2630 1684 2666 Dominus
1705 2631 1786 2665 fecit

121 2713 144 2728 „
173 2686 209 2720 in
236 2688 328 2723 caelo
352 2690 440 2724 etin
462 2698 555 2725 terra
581 2691 608 2725 *ἦ
633 2717 656 2732 „
680 2689 958 2725 Confundantur
986 2690 1094 2738 impii.
1122 2691 1311 2740 Reliquum
1332 2701 1442 2728 estut
1470 2692 1616 2727 aliorum
1642 2705 1783 2739 quoque

117 2745 332 2783 deiferorum
351 2749 507 2786 virorum
525 2751 645 2793 effata,
663 2750 718 2785 vel
736 2749 851 2798 potius
870 2750 1053 2799 loquentis
1074 2765 1135 2799 per
1156 2766 1214 2787 eos
1234 2751 1405 2800 Spiritus,
1422 2753 1459 2788 in
1480 2753 1635 2788 medium
1656 2751 1784 2799 disqui-

117 2807 225 2842 renda
244 2808 416 2856 feramus3
440 2820 480 2846 ut
498 2811 663 2847 videlicet
686 2824 953 2858 cognoscamus,
974 2812 1058 2860 quid
1081 2811 1123 2847 de
1144 2822 1261 2848 nostro
1283 2814 1457 2862 proposito
1483 2814 1714 2861 eloquantur,
1737 2820 1782 2846 at-

118 2880 186 2916 que
214 2876 333 2905 utrum
352 2870 631 2908 adversariorum
653 2886 831 2908 sermones
860 2885 942 2908 cum
962 2872 1009 2908 eis
1030 2873 1252 2922 conspirent,
1275 2874 1386 2923 palam
1407 2875 1472 2910 fiat.
1499 2874 1590 2921 Ergo
1611 2872 1695 2908 hinc
1717 2871 1782 2907 ini·

1832 277 1840 285 ’
1857 275 2003 297 1101111121.

1834 884 1843 893 ¹·
1860 881 1878 903 I.
1893 882 1951 903 Tim.
1968 882 1994 903 tt.
2009 884 2029 902 8.

1832 1125 1870 1145 Gr.
1885 1131 1907 1151 p.
1926 1128 1956 1146 II.

1832 1189 1840 1197 ’
1856 1187 1885 1207 Is.
1901 1186 1957 1207 XLI.
1973 1190 1993 1207 ’1.

1831 1306 1839 1315 ’
1856 1304 1891 1325 Ps.
1906 1304 1993 1325 XCVlI.
2008 1308 2028 1325 2.

1830 1367 1840 1378 v
1856 1366 1872 1387 I.
1888 1366 1941 1387 Cor.
1957 1367 1973 1388 Ι.
1990 1369 2021 1387 530.

1827 1553 1838 1563 ’¹'
1852 1551 1889 1572 ΡΞ.
1904 1551 1992 1572 XCVII.
2008 1554 2028 1573 3.

1828 1672 1839 1682 “
1853 1670 1870 1691 1.
1885 1670 1934 1692 loh.
1951 1670 1978 1691 II.
1993 1673 2025 1691 22.

1826 2157 1836 2169 ⁸
1850 2156 1885 2178 ΡΞ.
1901 2157 1955 2178 XCI.
1972 2159 1991 2178 7,

1824 2402 1833 2411 ⁸
1848 2401 1883 2422 ΡΞ.
1899 2401 1963 2422 ΜΝ.
1979 2405 1998 2423 ὃ.

1820 2706 1830 2717 ’
1845 2705 1879 2726 Ps.
1895 2704 1973 2726 extu.
1988 2709 2007 2726 a.
