2203 3331
660 183 825 206 ,mvsascs
852 182 1097 206 eossraxrixrn
1123 181 1358 205 eoruosrnrn.
1793 170 1857 204 1223

171 238 406 276 trcmfamilias
427 236 615 273 Beelzcbul
635 247 872 281 vocaverunt,
894 245 1023 286 quanto
1051 236 1159 283 magis
1189 236 1401 270 domesticos
1431 237 1506 272 eius
1534 237 1612 285 (ι),Ἷ
1640 235 1738 270 Ilaec
1762 236 1857 270 enim

169 300 329 336 hodierni
350 299 496 342 ludaei,
519 299 654 346 linguas
682 313 759 334 suas
788 313 806 333 a
835 298 958 346 priscis
987 305 1189 332 mutuantes
1218 296 1356 331 dieunt.
1384 296 1477 331 Nam
1505 297 1532 331 si
1562 311 1616 332 res
1648 296 1781 331 Christi
1808 296 1855 331 ita

168 368 434 401 tractaverunt,
455 358 540 407 quid
564 358 711 393 malitiae
733 359 896 393 adversus
918 365 1054 392 sanctos
1076 356 1152 391 eius
1173 370 1244 390 non
1265 358 1492 404 exproment?
1510 356 1602 391 Vere
1625 358 1689 391 hoc
1711 357 1858 403 dignum

165 431 214 458 est
239 422 377 456 illorum
404 420 613 469 iniquitate,
635 428 667 454 et
690 420 724 453 in
747 427 883 454 sanctos
911 418 1057 453 audacia
1087 432 1126 452 ac
1155 417 1405 465 protervitate:
1428 417 1530 452 sininl
1553 426 1666 452 tamen
1695 426 1745 452 est
1775 418 1859 452 cari-

165 483 245 517 tatis
274 496 427 516 summae
457 489 656 516 sanctornm
678 495 755 527 erga
781 479 963 514 Christum
992 478 1166 513 indicium
1196 478 1557 525 opportunissiinum,
1579 492 1643 525 qua
1671 478 1804 513 seilicet
1826 479 1857 514 ei

166 552 251 578 sunt
274 542 447 584 devincti,
464 555 661 590 numquam
683 540 794 575 divisi.
817 539 960 574 Etenim
982 539 1070 573 dnm
1092 539 1127 573 in
1150 539 1214 573 hae
1233 539 1302 572 xita
1325 538 1513 584 degerent.
1535 547 1635 573 testes
1654 540 1857 586 passionum

116 606 122 616 ⁸
167 604 320 640 Christi.
343 604 498 652 sociique
522 603 675 637 vivificae
700 602 774 637 eius
796 601 896 635 necis
920 601 1087 643 suerunt,
1110 609 1255 648 peccato
1278 614 1389 648 usque
1412 599 1453 634 ad
1475 608 1622 634 mortem
1645 601 1855 636 resistentes.

163 664 207 699 l-It
230 679 326 699 nunc
350 665 454 699 etiam
482 663 629 698 terrenis
654 663 758 697 rebus
784 661 958 710 exempti.
981 661 1172 709 participes
1195 661 1259 694 visi
1282 669 1361 694 sunt
1385 660 1576 694 concitatae
1602 675 1716 709 nuper
1741 662 1856 696 adver-

163 740 221 761 sus
246 726 431 761 Christum
455 723 707 772 persecutionis
730 731 761 757 et
784 722 1034 757 contumeliae.
1057 721 1150 756 Ecce
1174 722 1268 755 enini
1291 731 1324 755 et
1346 730 1430 755 tunc
1452 721 1657 768 corporibus
1679 722 1769 763 suis,
1793 737 1855 770 pro

164 801 203 820 eo
231 786 293 834 qni
317 786 350 819 in
374 799 516 833 corpore
546 798 663 832 passus
693 791 761 825 est,
785 783 1016 818 decertarunt
1038 782 1244 831 fortiterque.
1267 797 1300 817 se
1327 788 1530 828 gesseruntg
1553 790 1586 816 et
1608 796 1708 816 nunc
1732 797 1854 818 rursus

162 847 257 894 paria
281 847 354 894 pari
376 846 418 880 de
442 859 542 880 causa
563 845 746 892 patiuntur
768 845 829 891 (2).
850 844 1010 892 Namque
1034 844 1203 890 imagines
1221 857 1341 891 parem
1362 857 1400 877 ac
1423 843 1605 890 archetypa
1625 843 1853 889 ignominiam

160 908 361 956 perferunt,
384 919 576 954 rursusque
603 905 889 952 compatiuntur,
913 913 952 939 ut
973 905 1094 939 denno
1118 904 1451 951 conglorificemur,
1477 912 1579 951 atque
1602 904 1729 938 iterum
1751 904 1856 939 hono-

162 976 286 1002 rantur
313 966 522 1013 ignominiae
545 966 804 1001 eommunione.
833 965 950 1013 Atque.
973 974 1013 1000 ut
1035 974 1231 1013 martyrum
1253 965 1421 999 memoria
1448 965 1628 999 exhilarati
1656 979 1722 1000 nos
1748 965 1856 1013 philo-

159 1037 325 1076 martyres
355 1027 565 1074 gloriemur,
590 1026 852 1075 aliquantulum
880 1027 918 1061 in
948 1027 1016 1061 hoe
1046 1040 1210 1061 sermone
1238 1026 1408 1060 demorari
1438 1026 1539 1062 libet:
1563 1026 1667 1060 veluti
1697 1026 1855 1061 homines

161 1089 342 1136 spectandi
365 1097 398 1122 ct
420 1088 588 1123 audiendi
609 1088 776 1128 studiosi,
802 1101 886 1122 cum
912 1087 1079 1122 iucundis
1103 1087 1370 1135 gratissimisque
1401 1087 1621 1121 oblectantur
1645 1088 1855 1134 spectaculis

159 1157 222 1183 aut
251 1149 396 1184 musicis
419 1149 533 1191 sonis,
554 1148 650 1183 haud
672 1149 714 1183 ab
738 1148 781 1182 iis
804 1148 904 1183 facile
933 1148 1179 1189 discesserint,
1205 1147 1344 1182 etiamsi
1374 1147 1552 1182 interdum
1578 1148 1774 1182 necessaria
1798 1163 1855 1183 ne—

160 1210 253 1256 gotia
276 1210 468 1244 omittenda
492 1210 572 1245 sint.
596 1208 723 1244 Solent
745 1209 841 1243 enim
864 1224 901 1243 ca
923 1223 1014 1257 quae
1032 1209 1121 1243 xisui
1143 1209 1353 1256 audituique
1373 1209 1541 1256 pabulum
1564 1208 1748 1256 praebent,
1767 1223 1856 1244 ania-

161 1279 275 1305 torum
302 1285 425 1305 sensus
451 1271 656 1313 adtrahere,
680 1285 852 1318 aegreque
879 1270 1111 1318 separabilem
1138 1283 1242 1304 usum
1268 1269 1321 1304 sui
1350 1271 1501 1305 et'licere.

265 1333 322 1368 51.
352 1332 396 1367 Hi
427 1346 508 1379 ergo
537 1331 650 1366 saneti
675 1331 804 1367 Christi
827 1331 908 1365 sacti
936 1331 1128 1365 imitatores
1144 1359 1151 1372 ,
1173 1339 1205 1365 et
1229 1345 1309 1378 erga
1335 1331 1520 1365 Christum
1542 1331 1687 1365 caritate
1710 1332 1852 1379 penitus

157 1392 348 1434 vulnerati,
372 1401 405 1427 et
434 1392 575 1439 vestigia
604 1393 679 1427 eius
708 1400 884 1440 quatenus
914 1391 1045 1426 homini
1075 1392 1241 1440 possibile
1271 1400 1342 1435 est,
1368 1392 1527 1440 persequi
1555 1393 1763 1439 gestientes,
1787 1393 1852 1427 side

157 1453 250 1496 nixi,
274 1462 306 1487 et
337 1454 471 1488 firmam
493 1467 589 1501 spem
611 1453 806 1488 retinentes
822 1482 829 1495 ,
852 1467 892 1487 ac
914 1454 1033 1487 sutura
1057 1462 1236 1501 tamquam
1263 1453 1461 1501 praesentia
1492 1462 1690 1501 captantes,
1716 1462 1852 1489 terrena

161 1514 279 1549 omnia
310 1529 372 1549 ceu
404 1514 535 1548 caduca
564 1522 598 1548 et
627 1513 871 1562 corruptibilia
901 1523 1214 1562 contempseruntg
1239 1514 1445 1549 divitiarum
1473 1529 1612 1563 quoqne
1637 1524 1671 1550 et
1696 1516 1852 1563 ipsorum

157 1589 343 1624 corporum
373 1575 589 1622 negligentes
617 1576 784 1618 suerunt,
807 1575 890 1624 quia
918 1590 971 1609 res
1002 1575 1163 1610 caelestes
1191 1590 1231 1610 ac
1260 1575 1483 1611 sublimiores
1512 1576 1745 1624 adpetebant,
1771 1591 1851 1611 con-

156 1636 389 1671 versationem
418 1636 453 1670 in
483 1636 586 1671 caelis
616 1637 786 1683 agendam
817 1645 986 1684 optantes.
1016 1635 1100 1671 Ideo
1133 1645 1261 1671 cuncta
1291 1651 1356 1671 eeu
1386 1645 1539 1672 stercora
1569 1652 1651 1685 prae
1683 1638 1850 1672 creatoris

155 1711 292 1740 amore,
311 1698 406 1732 iuxta
431 1706 621 1746 martyrum
643 1707 872 1740 summatem,
892 1698 1152 1733 arbitrabantur
1170 1700 1197 1733 ἢ.
1217 1697 1277 1733 Sic
1294 1698 1361 1733 sibi
1381 1712 1526 1734 crucem
1548 1699 1725 1742 tollentes,
1744 1707 1777 1734 ct
1799 1714 1849 1734 ar-

154 1766 328 1792 maturam
350 1758 435 1793 fidei
458 1759 657 1806 capientes,
682 1767 715 1794 et
739 1759 819 1794 fidei
842 1759 945 1793 lorica
968 1759 1113 1802 muniti,
1137 1768 1347 1807 scutumque
1370 1760 1451 1794 fidei
1474 1760 1697 1807 arripientes,
1720 1760 1848 1807 galeam

154 1833 298 1868 quoque
320 1819 505 1854 salutarem
529 1820 596 1854 sibi
619 1820 951 1868 circumponentes,
976 1828 1150 1868 tamquam
1176 1834 1214 1854 ex
1238 1820 1305 1854 alto
1328 1821 1416 1854 vires
1439 1821 1690 1868 suscipienteS,
1717 1821 1850 1855 Christi

154 1880 355 1928 passionem
377 1880 618 1924 aemulantes,
642 1881 778 1915 sortiter
799 1881 1019 1916 decertantes
1034 1909 1041 1923 ,
1064 1880 1186 1915 invicti
1209 1881 1337 1915 milites
1360 1882 1475 1928 magni
1499 1882 1590 1928 regis
1611 1890 1717 1916 semet
1739 1890 1850 1916 osten-

155 1941 289 1976 derunt
313 1950 347 1976 et
369 1941 522 1977 athletae
546 1942 818 1989 generosissimi.
844 1941 905 1976 Sic
929 1942 1095 1976 adversus
1114 1956 1267 1976 errorem
1289 1943 1451 1990 trophaea
1475 1951 1677 1985 erexerunt,
1697 1956 1850 1977 omnem—

153 2015 222 2049 que
251 2002 451 2036 machinam
481 2003 615 2037 inimici
646 2011 917 2051 expugnarunt,
946 2012 1094 2037 cunetas
1124 2003 1199 2037 eius
1228 2003 1320 2037 vires
1350 2003 1609 2045 dissolverunt,
1639 2004 1753 2038 omnia
1783 2003 1849 2038 tela

156 2061 312 2096 ciusdem
342 2062 443 2108 ignea
475 2064 719 2106 extinxerunt,
750 2073 784 2098 et
812 2064 1032 2098 dominatum
1060 2063 1170 2098 valide
1200 2064 1472 2100 destruxerunt:
1498 2073 1646 2099 cunctas
1674 2064 1850 2099 ministro-

155 2135 235 2155 rum
264 2122 391 2156 diaboli
420 2123 619 2159 molitiones
647 2139 685 2159 ae
715 2125 828 2159 minas
856 2125 1100 2173 despuerunt,
1129 2125 1326 2172 quamlibet
1355 2125 1510 2172 ipsorum
1539 2125 1716 2159 saevitiam
1745 2134 1847 2173 atque

155 2182 314 2217 fraudem
336 2184 507 2231 aspernati
529 2193 633 2227 sunt,
655 2186 796 2220 sortiter
822 2185 1042 2234 viriliterque
1068 2186 1258 2220 admodum
1281 2185 1417 2220 illorum
1441 2186 1598 2220 artificiis
1622 2186 1848 2222 obstiterunt.

153 2241 246 2277 Yet-e
277 2244 413 2277 firmam
435 2251 469 2277 et
491 2243 745 2279 indeclinatam
768 2260 847 2293 erga
870 2245 991 2281 Deum
1020 2246 1234 2280 voluntatem
1263 2246 1450 2293 gerebant,
1475 2255 1507 2281 et
1536 2247 1691 2281 inflictos
1717 2247 1849 2281 erucia-

155 2312 210 2338 tus
238 2304 334 2339 velut
358 2305 391 2338 in
415 2304 535 2339 alienis
558 2307 764 2353 corporibus
793 2309 1032 2354 perferentes,
1054 2322 1094 2342 ac
1120 2316 1267 2341 naturae
1290 2308 1550 2355 quodammodo
1573 2308 1690 2351 obliti,
1713 2308 1846 2343 labores

155 2365 370 2411 tolerabant,
395 2366 534 2414 pietatis
557 2366 711 2402 stadium
735 2376 856 2402 contra
879 2368 1101 2416 polytheisini
1132 2382 1287 2403 errorem
1315 2368 1569 2412 decurrentes,
1592 2369 1628 2403 in
1652 2369 1770 2416 ignem
1792 2384 1847 2405 ve-

152 2426 218 2460 luti
248 2440 361 2461 rorem
390 2427 610 2471 insilientes,
633 2428 987 2463 horrendissimarum
1015 2430 1171 2463 serarum
1201 2429 1325 2464 dentes
1351 2438 1383 2464 ct
1409 2431 1538 2465 rabiem
1567 2430 1659 2465 haud
1689 2439 1846 2466 metnen-

152 2495 222 2529 tes,
243 2486 326 2521 ferri
347 2488 479 2529 aciem,
501 2497 535 2523 et
560 2488 770 2535 ungularum
793 2489 975 2532 acumina,
997 2489 1156 2523 earnium
1182 2490 1403 2525 concisiones
1426 2499 1486 2525 aut
1508 2490 1753 2534 lacerationes,
1773 2492 1846 2526 ani-

151 2548 216 2582 mis
245 2548 338 2583 haud
369 2549 626 2592 concidebant,
651 2549 818 2598 supplicii
848 2550 1091 2585 instrumentis
1112 2559 1237 2598 sponte
1263 2559 1299 2586 ut
1322 2551 1455 2587 deliciis
1477 2553 1734 2595 occurrebant,
1760 2567 1845 2588 cun-

231 2687 263 2715 stj
286 2686 387 2720 Incipit
407 2685 471 2713 hinc
492 2686 563 2721 apud
585 2687 771 2721 Nicephorum
793 2686 915 2713 laudatio
936 2691 1105 2722 martyrum,
1126 2695 1196 2722 qnae
1216 2688 1321 2715 utiliter
1344 2688 1500 2716 conferetur
1520 2697 1582 2715 euin
1606 2688 1650 2715 itta
1672 2688 1842 2715 Constantini

149 2727 256 2755 diaconi
279 2738 291 2755 a
314 2730 392 2756 nobis
412 2731 484 2757 edita
506 2740 533 2757 m
554 2731 649 2766 Spieil.
668 2740 736 2758 roni.
755 2733 786 2757 T.
804 2732 845 2762 X,
862 2739 1001 2766 quamque
1023 2740 1085 2765 prae
1105 2732 1192 2758 oeulis
1214 2732 1339 2759 habuisse.
1359 2732 1467 2759 videtur
1484 2734 1668 2768 Meepliorns,
1685 2733 1842 2766 praesertim

148 2773 211 2806 quia
233 2773 261 2798 in
283 2774 395 2800 nicaena
415 2774 536 2810 syuodo,
557 2775 601 2801 cui
622 2776 792 2810 Nicephorus
812 2783 922 2809 quoqne
942 2775 1083 2808 interfuit,
1104 2784 1194 2802 serino
1213 2776 1260 2802 ille
1279 2777 1453 2803 Constantini
1474 2778 1574 2804 citatus
1595 2776 1691 2803 fuerat.

230 2819 261 2848 [21
285 2818 380 2844 l'areni
400 2819 566 2845 sententiam
587 2819 621 2846 de
642 2823 793 2854 martyrum
816 2819 956 2853 reliqniis,
977 2828 1047 2854 quas
1066 2819 1193 2846 Saraceni
1214 2821 1425 2848 Thessalonicae
1449 2821 1630 2853 riolaxerant,
1651 2819 1745 2846 scribit
1764 2819 1843 2846 Meo-

149 2860 208 2886 tnzs
229 2861 382 2895 patriarcha
404 2863 433 2889 in
452 2871 578 2890 sermone
598 2872 648 2891 suo
669 2864 741 2899 apud
761 2872 810 2891 nos
830 2864 924 2899 Spa—it.
946 2865 977 2891 T.
998 2865 1035 2890 X.
1057 2864 1141 2899 praef.
1163 2873 1188 2900 p.
1210 2868 1254 2892 27.

1893 862 1930 881 411¹,
1945 866 1966 886 l¹=
1987 863 2028 880 tta.

1887 1720 1896 1730 ·
1913 1719 2086 1745 1³111151=.111.«2⁴
