2309 3351
503 351 559 372 Vlll
1156 348 1304 371 Eblronts
1330 349 1526 372 PRAEFATIO.

506 428 521 444 »
553 415 692 449 tentiae,
716 412 819 457 impia
839 411 928 445 dicta
949 418 982 445 et
1001 412 1197 446 molitiones
1216 414 1436 459 aperiuntur,
1459 420 1492 447 et
1520 412 1711 447 incredibili
1738 412 1913 458 diligentia
1939 418 2182 457 confutantur:

506 485 520 501 »
550 483 616 515 qua
638 472 670 503 in
691 482 727 503 re
748 469 832 502 nihil
856 469 1039 515 perfectius
1058 470 1125 503 huc
1144 482 1252 515 usque
1272 472 1305 504 in
1325 471 1436 505 lucem
1465 471 1638 517 prolatum
1660 477 1721 505 est.
1751 471 1811 504 llic
1831 469 1919 505 benc
1937 476 2043 511 multa
2065 479 2107 512 ad
2131 479 2184 512 hi-

506 542 521 557 »
552 528 692 561 storiam
713 528 935 572 pertinentia,
957 533 989 560 ct
1010 526 1053 560 ab
1072 527 1243 561 historicis
1264 529 1407 566 intacta,
1430 535 1631 562 narrantur:
1656 540 1693 562 ac
1714 528 1843 573 ubique
1863 527 2018 566 absoluta
2037 541 2069 568 et
2088 537 2182 570 varia

506 600 520 615 »
553 587 584 617 in
604 584 728 621 rebus.
752 596 830 618 cum
857 585 1090 618 ecclesiasticis
1111 591 1182 618 tum
1204 585 1374 630 profaniS,
1395 586 1579 631 Nicephori
1607 586 1757 620 eruditio
1783 585 2064 630 deprehenditur.
2092 594 2183 627 Con-

506 657 519 672 »
550 642 687 675 stantini
707 642 916 687 Copronymi
930 668 938 679 ,
960 653 1063 687 quem
1081 643 1274 675 Mamonam
1294 642 1422 687 ubique
1443 649 1638 688 nuncupat,
1657 655 1758 676 ausus
1777 644 1810 676 in
1832 643 2028 676 temeranda
2043 649 2182 695 religio-

506 714 520 729 »
551 711 592 732 n(-
612 700 694 732 varii
709 725 716 735 ,
737 699 808 731 doli
822 725 829 735 ,
852 698 1076 744 fraudesque.
1101 699 1198 732 furor
1217 699 1251 732 in
1269 700 1495 738 Christianos,
1520 701 1789 734 machinationes
1809 707 1926 734 contra
1947 701 2037 745 piam
2058 699 2178 747 fidem,

506 772 520 787 »
551 757 709 790 admixtis
728 755 875 790 subinde
895 767 1010 789 rerum
1030 762 1203 801 gestarum
1224 759 1473 796 monumentis,
1494 764 1734 797 recensentur,
1757 758 1980 803 eiusdemque
1999 759 2103 804 impia
2123 758 2180 792 do-

506 830 520 844 ι»
551 815 657 847 ctrina
686 826 749 859 pro
775 813 864 846 viriti
893 812 1062 847 refellitur
1087 820 1152 847 etc.
1180 814 1225 858 (1)
1254 828 1268 845 »

256 871 463 923 ι,(,“,”.ζ’,“,“,’,““’ζζῃῖξζξῇξ
598 872 652 904 Vl.
684 872 752 904 lain
778 871 903 903 horum
932 870 1114 915 Nicephori
1135 882 1281 916 operum
1309 871 1440 905 fructus
1466 872 1571 917 paulo
1598 873 1712 906 adhuc
1731 874 1988 906 numerosiores
2018 873 2187 906 recenseri

256 930 308 943 ''¹'''¹
500 935 644 973 queunt.
673 929 758 961 Nam
784 929 896 973 primo
919 929 1036 961 insunt
1056 929 1247 961 testimonia
1268 928 1461 972 dogmatica
1481 930 1524 963 de
1546 929 1626 963 fidei
1647 929 1810 964 indubiae
1832 932 2049 967 necessitate,
2071 930 2114 964 de
2133 942 2187 964 sa-

502 987 688 1020 cratissima
711 985 931 1023 eucharistia,
952 985 994 1018 de
1013 986 1214 1018 auctoritate
1235 987 1467 1031 peremptoria
1487 987 1622 1020 concilii
1640 989 1871 1026 oecumenici,
1888 988 1931 1022 de
1950 999 2114 1021 romanae
2131 1000 2188 1021 ec-

501 1044 622 1077 elesiae
644 1044 808 1088 primatu.
831 1042 874 1075 de
894 1042 1095 1085 xirginitatis
1111 1041 1260 1077 honore,
1278 1041 1322 1074 de
1341 1042 1472 1086 angelis
1490 1043 1616 1080 multa,
1636 1049 1669 1076 et
1688 1043 1732 1076 de
1751 1044 1825 1077 aliis
1842 1045 1907 1088 (2);
1926 1045 2052 1090 nequid
2074 1045 2186 1079 dicam

501 1101 544 1133 dc
567 1100 782 1133 invocatione
802 1105 1020 1135 sanctorum,
1046 1108 1133 1142 quae
1153 1102 1226 1129 toto
1245 1099 1360 1141 operis
1385 1105 1590 1142 argumento
1608 1100 1884 1133 commendatur.
1914 1103 1996 1135 Sunt
2023 1103 2124 1136 etiarn
2151 1103 2184 1136 in

502 1158 637 1192 biblii-is
657 1156 858 1190 testimoniis
878 1155 1042 1200 pulchrae
1061 1154 1218 1187 codicum
1237 1154 1429 1187 varietates.
1458 1155 1543 1187 Sunt
1563 1165 1652 1187 nova
1672 1165 1813 1198 graecae
1832 1155 1969 1201 linguae
1987 1171 2058 1193 non
2079 1171 2184 1206 pauca

502 1215 669 1249 mcabula
695 1214 811 1247 lexicis
835 1212 1025 1245 inserenda.
1055 1212 1139 1244 Sunt
1165 1210 1350 1255 theologici
1375 1211 1542 1244 sermonis
1569 1210 1753 1244 formulae.
1782 1212 1841 1244 Est
1864 1212 2046 1258 multiplex
2065 1217 2187 1251 haere-

500 1284 582 1305 seon
610 1271 739 1304 notitia.
769 1270 826 1302 Est
852 1269 938 1301 salsa
964 1268 1110 1301 deorum
1136 1267 1353 1301 ethnicorum
1381 1279 1443 1313 per
1469 1267 1623 1312 singulos
1649 1267 1839 1301 decurrens
1871 1268 1997 1302 irrisio.
2025 1271 2083 1303 Est
2112 1273 2187 1305 Cle-

502 1329 624 1362 mentis
644 1326 853 1361 alexandrini
874 1325 977 1358 breve
996 1336 1035 1358 ex
1055 1324 1237 1370 deperdito
1256 1324 1407 1370 paschali
1426 1335 1533 1370 opere.
1551 1324 1676 1359 lemma
1697 1325 1757 1370 (3).
1780 1326 1863 1358 Sunt
1883 1325 1955 1359 duo
1973 1326 2104 1360 maiora
2123 1327 2186 1372 Cy-

502 1386 568 1419 rilli
590 1385 717 1430 pariter
736 1383 946 1417 alexandrini
967 1388 1140 1427 segmenta
1160 1382 1302 1416 antchac
1321 1382 1495 1426 incognita
1521 1383 1760 1416 commentarii
1779 1383 1813 1415 in
1833 1394 1889 1428 ep.
1913 1382 1955 1416 ad
1976 1384 2076 1416 Rom.
2099 1384 2126 1417 Ι.
2150 1385 2184 1417 lt.

502 1446 543 1477 X.
567 1446 605 1481 (ἰ,
627 1453 775 1487 quorum
796 1442 947 1486 primum
965 1441 999 1473 in
1026 1440 1153 1473 calcem
1174 1440 1256 1473 tomi
1277 1440 1386 1472 nostri
1412 1439 1553 1473 secundi
1579 1439 1828 1474 anecdotorum
1847 1440 1965 1485 Cyrilli
1983 1441 2184 1479 intulimus,

503 1501 648 1534 alterum
668 1501 701 1532 in
721 1499 779 1532 lat.
804 1504 891 1544 part.
914 1510 948 1543 p.
971 1499 1029 1530 27.
1052 1497 1267 1531 Adseruntur
1286 1497 1389 1530 etiam
1408 1508 1427 1531 a
1444 1497 1642 1542 Nicephoro
1661 1498 1826 1532 homiliae
1850 1498 1982 1543 aliquot
2003 1498 2128 1532 Basilio
2153 1506 2188 1532 et

500 1559 765 1602 Chrysostomo,
787 1567 871 1600 quas
890 1556 937 1588 eis
956 1555 1062 1588 critici
1081 1554 1284 1600 eripiebant.
1314 1554 1515 1600 Epiphanii,
1536 1561 1574 1588 ut
1592 1554 1776 1594 volebant,
1797 1555 1934 1589 celebre
1959 1556 2003 1589 de
2029 1556 2187 1600 imagini-

501 1615 566 1649 bus
592 1615 721 1648 dictum
745 1614 824 1646 satis
848 1624 939 1646 nunc
958 1611 1170 1645 exsufflatur.
1199 1612 1353 1656 Denique
1371 1611 1501 1657 nequid
1521 1611 1635 1646 bonae
1662 1611 1771 1657 frugis
1794 1611 1896 1646 nobis
1921 1612 2011 1646 forte
2029 1612 2187 1645 oblatum

502 1673 785 1718 praeteriremus,
806 1669 932 1703 multas
951 1670 985 1702 in
1012 1668 1292 1703 adnotationibus
1317 1670 1444 1703 nostris
1462 1670 1599 1703 Macarii
1620 1669 1888 1715 Chrysocephali
1916 1675 2032 1714 partes
2050 1668 2190 1712 scripsi-

500 1741 594 1767 mus,
618 1728 801 1762 nonnullas
820 1728 920 1761 etiam
941 1727 1288 1772 chronographorum
1307 1726 1460 1761 duorum
1479 1727 1518 1760 G.
1541 1727 1754 1766 Hamartoli‚
1777 1733 1810 1760 et
1829 1728 1867 1760 P.
1891 1726 2012 1764 Siculi,
2034 1736 2099 1759 nec
2117 1736 2189 1759 non

501 1786 621 1820 llIatth.
649 1786 886 1822 Cantacuzeni,
907 1795 947 1817 ex
973 1784 1136 1818 vaticanis
1161 1783 1338 1817 codicibus
1364 1790 1536 1829 sumptas;
1557 1790 1589 1817 et
1609 1790 1853 1828 argumentum
1880 1783 2086 1828 Nicephori,
2106 1781 2191 1815 sub-

501 1844 614 1877 stratis
633 1844 667 1876 in
688 1843 790 1875 latina
812 1842 1013 1887 praesertim
1040 1847 1137 1887 parte
1156 1841 1296 1875 scholiis
1315 1841 1579 1874 declaravimus.
1607 1840 1733 1873 Menda
1753 1839 1903 1884 denique
1921 1840 2034 1884 graeci
2057 1845 2188 1878 textuS‚

500 1912 587 1946 quae
607 1900 772 1934 mediocri
797 1910 943 1932 numero
969 1898 1216 1944 obrepserant.
1238 1899 1273 1931 in
1299 1898 1395 1931 latini
1422 1902 1536 1930 textus
1562 1895 1777 1941 marginibus
1803 1895 2010 1940 plerumque
2038 1897 2191 1929 correxi-

501 1969 595 1995 muS,
618 1956 659 1990 ad
685 1968 772 2001 quos
798 1956 945 1989 lectores
970 1961 1007 1988 ut
1032 1955 1153 1988 oculos
1179 1954 1335 1993 flectant,
1357 1965 1534 1999 rogamus.
1563 1952 1630 1986 Sed
1656 1952 1741 1986 haec
1766 1952 1945 1986 hactenus.

568 2141 603 2170 (1)
624 2139 696 2164 Inter
715 2138 741 2163 S.
762 2136 908 2171 Nicephori
927 2135 1083 2163 laudatores
1102 2134 1210 2163 excellit
1229 2135 1389 2163 Theodorus
1408 2134 1532 2168 Studita,
1553 2143 1637 2170 quem
1658 2143 1710 2162 nos
1730 2135 1846 2162 feliciter
1867 2134 1919 2162 hoo
1939 2134 2034 2161 eodem
2053 2133 2194 2161 volumine

503 2182 585 2209 simul
606 2181 722 2208 edimus.
742 2181 806 2207 Fuit
824 2181 897 2207 enim
917 2180 1038 2215 aequalis
1057 2180 1115 2207 eius
1135 2188 1166 2206 ae
1185 2179 1344 2212 familiaris,
1358 2183 1385 2206 et
1404 2187 1599 2206 aerumnarum
1617 2187 1664 2213 pro
1683 2178 1846 2206 orthodoxia
1867 2178 2066 2206 exantlatarum
2086 2178 2193 2210 socius,

504 2231 531 2253 et
549 2227 659 2253 biennio
678 2230 740 2252 ante
759 2225 838 2251 illum
856 2224 1025 2251 demortuus.
1046 2225 1185 2259 Legantur
1204 2223 1277 2259 apud
1291 2223 1470 2251 Sirmondum
1489 2223 1620 2259 epistolae
1634 2223 1762 2250 Studitae
1774 2222 1808 2250 ad
1822 2222 2024 2257 Nicephorum,
2039 2226 2121 2256 atque
2138 2221 2191 2249 alia

505 2271 539 2298 de
558 2270 652 2297 eodem
672 2269 824 2304 Nicephoro
843 2268 914 2295 dicta
934 2268 1093 2295 honorifica.

569 2317 605 2345 (2)
625 2314 669 2340 Sic
691 2321 731 2340 ex.
747 2321 786 2347 gr.
804 2313 831 2339 in
853 2312 924 2347 apol.
946 2312 1048 2339 maiore
1066 2319 1125 2346 cap.
1140 2314 1183 2339 26.
1204 2312 1295 2339 innuit
1313 2311 1483 2347 Nicephorus
1503 2311 1638 2347 pictorum
1660 2310 1889 2338 antimensiorum
1911 2317 1993 2337 usum
2012 2305 2077 2340 (qui
2099 2304 2190 2332 adhuc

509 2359 536 2385 in
557 2366 652 2392 graeca
672 2358 784 2385 eeclesia
806 2360 973 2392 perseverat)
993 2364 1109 2391 quorum
1130 2364 1217 2383 unum
1237 2364 1300 2383 cum
1314 2364 1363 2388 ego
1378 2358 1543 2391 aspexerint,
1559 2356 1616 2383 eius
1635 2355 1850 2389 descriptionem
1872 2354 1932 2381 heic
1945 2359 2000 2378 non
2019 2349 2190 2376 subtraham.

507 2415 517 2426 a
540 2403 698 2430 Linteolum
719 2403 745 2428 in
765 2401 843 2428 cuius
863 2401 953 2428 medio
977 2409 1057 2433 crux,
1077 2408 1213 2435 supraque
1235 2409 1294 2428 eam
1316 2405 1442 2428 aeternus
1466 2402 1546 2428 Pater
1566 2408 1629 2427 cum
1654 2399 1759 2434 Spiritu
1783 2402 1889 2426 sancto.
1914 2394 1971 2422 Sub
1994 2401 2074 2421 eruce
2093 2393 2191 2422 sedens

506 2460 516 2470 »ι
538 2447 623 2474 Maria
643 2448 719 2481 virgo
737 2454 799 2473 cum
821 2447 880 2472 lesu
900 2446 929 2472 in
949 2445 1075 2479 genubus
1095 2449 1218 2478 mortuo,
1237 2445 1341 2478 angelis
1360 2445 1471 2472 interim
1490 2445 1517 2471 in
1538 2444 1598 2471 aere
1618 2443 1796 2478 lugentibus:
1818 2445 1876 2468 tum
1896 2438 2036 2466 adstantes
2061 2438 2190 2466 mulieres

508 2505 518 2515 n
542 2493 605 2519 item
626 2491 778 2526 plorantes,
798 2498 860 2516 cum
882 2489 996 2524 losepho
1016 2488 1050 2515 ab
1068 2489 1260 2520 Arimathaea,
1276 2488 1413 2522 Iohanne,
1435 2488 1543 2523 alioque
1562 2487 1708 2523 discipulo.
1730 2487 1762 2512 ln
1781 2483 1892 2518 angulis
1911 2481 2088 2509 interioribus
2106 2489 2192 2515 ange-

505 2548 516 2558 »
539 2536 627 2562 lorum
648 2535 813 2567 aligerorum
833 2534 936 2568 capita:
958 2533 985 2559 in
1005 2533 1114 2567 angulis
1134 2541 1195 2560 vero
1214 2532 1390 2560 exterioribus
1409 2532 1590 2567 evangelistae
1609 2535 1737 2567 quatuor.
1758 2525 1998 2556 Circumambiunt
2016 2533 2110 2553 sacrae
2128 2532 2191 2560 pas-

504 2593 515 2603 υ
536 2580 621 2607 sionis
637 2579 828 2606 instrumenta.
850 2579 898 2604 Est
916 2578 998 2604 etiam
1019 2577 1174 2612 inscriptio:
1195 2578 1207 2604 ό
1226 2579 1358 2613 εὐσχήμων
1372 2579 1466 2613 Ἰωσήφ
1482 2578 1533 2604 ‹in-0¹
1551 2580 1596 2603 τοῦ
1612 2576 1690 2609 ξύλου
1706 2573 1821 2601 καθελών
1839 2572 1866 2598 το·
1884 2572 2012 2606 ἄχραντόν
2031 2580 2079 2597 σου
2096 2571 2191 2604 σῶμα,

505 2639 514 2647 ,ι
537 2626 634 2651 cuffiam
652 2624 754 2658 καὲιτιρᾴ
770 2625 878 2653 εἰλησας
893 2624 934 2648 καὶ
953 2623 1099 2658 ἀρώμασιν,
1116 2624 1139 2648 ἐν
1153 2625 1265 2658 μνήματι
1282 2625 1356 2657 καινῷ
1371 2626 1497 2654 κηδεύσας
1512 2622 1641 2650 ἀπέθετοζ
1663 2618 1764 2646 nobil&
1782 2616 1882 2651 IOSOPIL
1902 2615 1937 2642 de
1958 2615 2034 2649 ll'q'no
2051 2614 2193 2649 deponens

505 2682 515 2692 υ
540 2669 755 2696 immaculatum
777 2676 878 2702 corpus
894 2669 987 2700 tuum,
1003 2675 1138 2702 puraque
1154 2669 1270 2695 sindone
1288 2668 1431 2695 involvens
1449 2676 1512 2695 cum
1528 2664 1706 2694 aromatibus
1721 2664 1751 2688 in
1764 2662 1943 2687 monumento
1962 2667 2034 2685 nocto
2046 2657 2191 2692 simerans

506 2728 517 2736 ’-
536 2716 631 2749 posuit
652 2718 700 2745 (ex
719 2714 802 2739 Mare..
820 2714 879 2739 XV.
894 2715 957 2744 43.)
979 2724 990 2735 u
1013 2713 1044 2738 111
1064 2713 1233 2740 nntimensiis
1252 2717 1342 2740 autem
1355 2713 1564 2743 Melchitarum,
1581 2710 1647 2737 haec
1665 2706 1761 2735 eadem
1779 2705 1887 2733 arabice
1905 2703 2074 2731 scribuntur.
2096 2704 2144 2730 Est
2158 2701 2188 2730 id

505 2766 568 2792 ergo
587 2757 744 2785 antimensii
760 2764 846 2792 genus
866 2759 1011 2784 litAtt'l'oN
1025 2777 1031 2788 ‚
1046 2761 1077 2784 ut
1095 2757 1232 2792 appellant
1251 2758 1363 2791 Graeci,
1377 2761 1408 2784 nt
1423 2757 1457 2784 ab
1475 2756 1523 2783 illo
1536 2753 1695 2789 perfectiore
1709 2755 1736 2778 et
1754 2758 1790 2777 ss.
1807 2749 1932 2784 reliquiis
1954 2748 2076 2783 praedito
2092 2747 2193 2775 distin-

509 2806 607 2831 ssuant.
622 2801 695 2836 quod
715 2802 822 2837 proprie
841 2801 1036 2828 antimensium
1058 2801 1162 2828 dicunt.
1183 2803 1223 2828 De
1237 2801 1409 2828 autimensiis
1427 2805 1588 2834 responsum
1603 2794 1794 2823 Emmanuelis
1813 2792 1983 2828 patriarchae
2003 2792 2192 2819 constantino-

510 2845 621 2879 politani
642 2850 809 2873 memoratur
828 2854 842 2872 a
862 2845 961 2872 Latino
980 2846 1090 2872 Latinio
1109 2846 1138 2872 in
1157 2845 1291 2873 lucubrat.
1312 2849 1339 2872 et
1357 2845 1438 2879 epist.
1454 2842 1497 2871 ed.
1510 2849 1580 2869 rom.
1597 2848 1642 2867 an.
1659 2841 1737 2866 1659.
1753 2846 1780 2873 p.
1797 2841 1857 2865 370.
1878 2838 1947 2864 Item
1967 2836 2000 2864 de
2019 2835 2193 2864 antimensiis

507 2895 632 2917 accurate
652 2891 709 2923 agit
726 2890 863 2917 Iohannes
883 2891 1026 2925 episcopus
1045 2890 1111 2917 Citri
1131 2890 1203 2926 apud
1221 2891 1419 2918 Leunrlavinm
1438 2888 1491 2915 iur.
1511 2895 1552 2921 gr.
1573 2893 1642 2913 rom.
1664 2892 1690 2920 p.
1712 2886 1774 2911 330.

576 2936 610 2965 μς)
630 2934 718 2961 Huius
737 2941 787 2961 nos
806 2934 964 2962 clementini
985 2935 1075 2970 operis
1095 2934 1246 2970 fragmenta
1266 2935 1317 2962 alia
1337 2932 1465 2961 dedimus
1483 2930 1582 2966 Script.
1603 2932 1655 2956 vet.
1675 2929 1708 2955 T.
1728 2927 1790 2954 vu.
1811 2934 1855 2962 pp.
1879 2929 1924 2954 9⁴.
1944 2929 1987 2954 98.
2008 2928 2054 2953 99.
