2203 3331
84 573 93 581 '
110 571 135 591 ll.
151 569 203 591 Cor.
218 569 244 588 V.
259 570 289 588 16.

115 1117 121 1124 “
140 1114 187 1134 ioh.
204 1113 240 1134 M.
259 1116 287 1133 15.

97 1903 106 1911 ’
122 1906 155 1927 gr·
169 1896 286 1932 ὁρίζεται.

330 187 375 221 82
886 191 914 214 S·
939 190 1111 214 Ntcffl’nom
1138 189 1393 214 ANTmnnETlct‘s
1421 188 1457 211 Π.

329 254 508 288 dexteram
534 248 601 283 Dei
630 246 748 289 sedet,
772 254 938 282 venturus
965 246 1082 281 denuo
1111 255 1161 281 est
1189 254 1334 294 paterna
1363 243 1469 290 gloria
1496 242 1665 291 stipatus,
1687 242 1811 279 eodem
1835 256 1918 279 cum
1939 257 2012 279 cor-

328 327 429 362 pore,
452 319 491 346 ut
520 310 624 344 etiam
651 321 669 342 a
699 306 962 342 transfixoribus
997 307 1257 355 conspiciatur,
1284 313 1319 340 et
1346 305 1388 339 ab
1418 302 1608 338 incredulis
1638 304 1808 340 credatur.
1837 303 2009 347 Prorsus,

328 383 367 408 ut
394 372 494 407 verba
515 370 559 405 ad
583 368 830 417 compendium
860 369 1036 404 conferam
1050 397 1057 410 ,
1079 367 1236 402 ascensio
1259 366 1333 401 eius
1355 365 1500 400 nonnisi
1530 364 1680 412 corporis
1707 365 1844 414 propria
1866 374 1937 407 est,
1958 365 2011 400 ni-

326 434 455 468 mirum
483 431 525 466 de
554 430 630 465 loco
659 430 694 464 in
722 429 838 464 locum
865 429 1030 465 transitio.
1062 428 1155 463 Sunt
1184 442 1263 474 ergo
1291 427 1377 461 hacc
1408 425 1664 472 circumscripti
1690 426 1844 473 corporis
1871 426 2006 469 officia,

328 494 482 543 corporis
510 493 658 541 inquam
685 491 784 526 nobis
814 491 953 533 similis,
975 503 1185 538 quamquam
1212 488 1314 524 nobis
1342 487 1550 536 superioris,
1577 486 1713 522 etiamsi
1732 487 1769 521 hi
1789 487 1923 522 scelesti
1947 501 2008 522 no-

327 557 401 591 lint.
426 561 449 576 ‘⁶
476 553 552 588 Etsi
580 552 649 587 iam
677 552 808 587 diutius
840 551 1021 586 Christum
1051 551 1086 585 in
1117 564 1219 585 carne
1248 563 1319 584 non
1348 548 1592 596 cognoscimus
1619 548 1646 582 *ἦ
1677 575 1700 590 „
1729 546 1871 593 Quibus
1897 548 2007 583 verbis

327 615 566 663 significatur,
587 613 767 648 laboribus
797 626 878 647 eum
907 612 975 646 iam
998 619 1198 658 exemptum
1213 639 1220 652 ,
1243 611 1353 653 same,
1377 610 1453 652 siti,
1478 618 1512 644 et
1533 607 1745 657 quibuslibet
1774 608 1888 642 carnis
1912 608 2007 643 infir-

325 675 544 723 mitatisque,
568 682 712 722 excepto
735 687 869 721 semper
890 680 1051 720 peccato,
1073 671 1292 718 passionibus
1318 670 1457 706 nostris,
1486 669 1568 705 Non
1595 668 1689 703 enim
1710 667 1858 703 ulterius
1879 667 1916 701 in
1937 680 2008 701 eas-

324 737 403 772 dem
426 736 603 784 passiones
627 735 782 776 incidet,
808 742 988 782 postquam
1013 731 1078 766 sibi
1104 731 1223 766 induit
1246 730 1630 779 incorruptibilitatem.

433 798 486 833 18.
518 796 620 832 Certe
649 795 686 830 in
716 804 806 830 terra
834 794 984 840 degens,
1006 800 1039 826 et
1065 792 1107 826 ab
1134 791 1342 827 hominihus
1371 799 1601 839 conspectus,
1623 802 1704 824 cuin
1726 789 1835 837 iisque
1864 801 2007 823 conver-

325 871 423 900 sans,
444 871 515 906 quo
544 865 699 904 tempore
722 856 813 890 intra
835 854 1000 901 templum
1021 852 1249 900 corporaliter
1269 852 1418 887 existens
1448 851 1620 893 docebat,
1639 858 1733 884 certe
1756 858 1841 884 tunc
1864 849 2008 897 inquam

327 919 688 954 circumscribebatur.
716 916 790 950 Iam
810 915 896 949 dum
917 914 966 948 ihi
988 921 1099 955 esset,
1120 926 1347 961 nequaquam
1369 913 1491 948 eodem
1512 920 1668 960 tempore
1690 911 1725 945 in
1748 910 1901 946 Galilaea
1922 922 2009 958 quo-

326 994 392 1028 que
415 979 643 1027 corporaliter
665 985 754 1022 eratj,
770 987 982 1024 quamquam
1003 973 1107 1009 simul
1129 974 1249 1009 omnia
1271 973 1486 1021 complebat,
1505 981 1539 1007 et
1560 972 1688 1020 ubique
1710 980 1745 1006 et
1765 985 1869 1019 super
1890 969 2008 1005 omnia

326 1040 421 1075 Deus
449 1040 601 1074 existens
616 1066 623 1080 ,
645 1046 749 1085 atque
765 1065 773 1079 ,
794 1044 832 1070 ut
860 1035 936 1070 heic
964 1034 1048 1069 licet
1076 1034 1218 1077 dicere,
1240 1033 1579 1081 incircumscriptus,
1606 1031 1748 1068 Deinde
1771 1030 1945 1080 quomodo
1975 1038 2010 1064 et

327 1100 420 1136 unde
440 1099 476 1134 in
498 1098 703 1134 Bethaniain
725 1096 880 1139 transiit,
900 1095 961 1144 qui
983 1094 1072 1129 dixit
1092 1094 1271 1143 discipulis
1289 1095 1323 1130 *z
1341 1100 1364 1115 ‘⁶
1385 1093 1519 1140 gaudeo
1541 1101 1683 1141 propter
1702 1106 1762 1127 vos
1782 1100 1823 1127 ut
1841 1090 2007 1132 credatis,

328 1191 350 1205 „
379 1161 546 1210 quoniam
568 1160 615 1194 ihi
635 1174 707 1194 non
738 1171 840 1194 eram.
870 1185 893 1200 „
920 1156 993 1203 Qui
1022 1170 1191 1204 magnum
1219 1155 1307 1191 illud
1334 1163 1532 1203 patraturus
1560 1162 1636 1189 erat
1663 1153 1890 1201 mysterium,
1910 1165 2009 1187 nunc

322 1224 391 1258 iam
420 1222 616 1257 communis
644 1229 676 1256 et
703 1219 910 1255 universalis
938 1218 1212 1253 resurrectionis
1239 1216 1421 1266 praeludia
1449 1215 1615 1251 ostendit.
1644 1214 1854 1250 Foetentem
1880 1212 2010 1261 quatri-

322 1283 480 1318 duanum
500 1296 541 1317 ex
561 1281 686 1317 abditis
707 1279 935 1328 obscurisque
958 1279 1090 1315 iui'erni
1110 1279 1195 1314 locis
1216 1279 1335 1313 vivum
1360 1285 1519 1323 revocat3
1543 1284 1577 1311 et
1596 1275 1797 1310 viventibus
1824 1286 1925 1315 eum,
1947 1272 2009 1320 qui

323 1344 359 1377 in
382 1342 606 1391 putredinem
627 1342 697 1377 iam
718 1341 893 1376 resolutus
915 1339 1035 1375 abibat
1049 1369 1056 1382 ,
1079 1339 1306 1384 adnumerat3
1327 1337 1396 1372 vim
1420 1337 1494 1371 eius
1515 1344 1672 1371 mortuos
1692 1333 1890 1369 vivificandi
1911 1332 2012 1367 mira-

323 1404 400 1439 oulo
427 1404 492 1439 hoc
521 1403 703 1438 evidenter
728 1409 953 1437 monstrante.
983 1400 1053 1435 Sed
1083 1399 1178 1434 enim
1205 1399 1291 1434 dum
1312 1398 1391 1433 heic
1420 1405 1534 1440 esset,
1555 1397 1623 1432 iam
1646 1409 1720 1431 non
1745 1393 2010 1443 Capharnaumi

324 1464 431 1500 aliove
460 1465 497 1500 in
518 1464 593 1500 loco
607 1492 615 1507 ,
639 1463 762 1499 eodem
781 1471 939 1511 tempore
961 1460 1188 1510 corporaliter
1216 1459 1404 1494 visebatur.
1432 1458 1583 1493 Prorsus
1610 1457 1696 1492 dum
1718 1456 1753 1490 in
1775 1456 1842 1490 hoc
1865 1455 1941 1489 loco
1962 1467 2012 1489 es-

323 1534 393 1568 set,
415 1525 496 1560 alibi
515 1524 659 1560 interim
680 1538 751 1559 non
773 1532 854 1558 erat.
875 1522 970 1558 Eum
992 1522 1098 1569 igitur
1118 1521 1181 1569 qui
1201 1520 1238 1554 in
1261 1519 1376 1555 caelos
1397 1517 1625 1560 conscendit,
1646 1515 1743 1552 haud
1766 1516 1835 1550 scio
1856 1528 1900 1549 an
1920 1514 2011 1562 quis-

254 1605 286 1623 τῇ.
324 1599 428 1635 quam
455 1585 553 1621 dicet
582 1584 808 1633 corporaliter
830 1583 946 1618 adhuc
967 1583 1060 1617 inter
1080 1580 1239 1616 homines
1266 1579 1407 1615 versari.
1437 1577 1663 1626 Quamquam
1684 1576 1751 1611 alio
1771 1575 1876 1611 modo
1897 1574 2012 1608 nobis-

325 1660 406 1682 cum
427 1660 492 1682 ceu
514 1645 676 1681 fidelibus
698 1659 739 1680 ac
759 1643 988 1679 familiaribus
1009 1650 1182 1691 perpetuo
1211 1649 1262 1676 est
1278 1669 1285 1683 ,
1309 1639 1507 1676 secundum
1526 1637 1810 1686 promissionemg
1831 1635 1899 1670 nisi
1922 1635 2010 1669 sorte

324 1707 361 1742 in
385 1708 450 1742 hoc
479 1707 581 1742 etiam
607 1705 816 1741 stomachari
844 1704 961 1739 volent
988 1704 1025 1738 hi
1051 1717 1069 1738 a
1097 1702 1164 1738 fide
1193 1710 1313 1736 nostra
1342 1700 1459 1737 alieni.
1488 1699 1535 1734 Et
1556 1713 1604 1734 ne
1633 1697 1740 1733 multa
1766 1695 2012 1745 persequendo

323 1768 459 1816 longius
486 1780 679 1803 sermonem
705 1766 924 1814 protraham3
949 1765 977 1800 si
1008 1764 1167 1800 Christus
1196 1771 1402 1811 corporatus
1432 1769 1528 1803 erat,
1551 1760 1675 1808 utique
1705 1759 1742 1794 in
1769 1758 1846 1793 loco
1875 1766 1949 1792 erat
1977 1765 2012 1791 et

325 1829 618 1877 circumscriptus.
639 1827 732 1863 Nam
750 1826 851 1862 locus
874 1825 1049 1862 terminus
1071 1833 1123 1860 est
1145 1823 1385 1865 continentis,
1406 1830 1582 1871 quatenus
1603 1820 1780 1862 continet,
1801 1827 1835 1853 et
1855 1817 2011 1853 terminis

326 1891 548 1933 continetur,
575 1889 770 1925 secundum
794 1902 850 1923 eas
875 1887 1002 1937 quibus
1024 1886 1237 1934 praefinitur
1259 1886 1278 1905 ᾗ
1301 1883 1495 1919 relationes.

433 1966 487 2002 ¹9·
508 1952 612 1987 Patet
630 1951 757 1998 igitur,
781 1950 961 1985 Christum
981 1962 1120 1996 quoque
1141 1961 1221 1981 vere
1244 1954 1278 1981 et
1298 1959 1369 1980 non
1390 1952 1603 1993 apparenter
1625 1955 1751 1990 corpus
1773 1947 1933 1975 nostrum
1955 1952 2010 1986 ge-

326 2022 497 2056 stantem,
519 2013 636 2061 aliquo
661 2012 697 2046 in
720 2011 798 2046 loco
821 2010 1050 2051 existentem,
1071 2022 1145 2043 non
1166 2007 1273 2042 fuisse
1296 2006 1426 2054 ubique
1458 2003 1701 2053 corporaliter:
1724 2002 1851 2050 quihus
1872 2014 1913 2034 ex
1940 2012 2011 2033 om·

326 2074 429 2109 nibus
459 2081 595 2109 constat
621 2085 704 2108 euni
726 2071 833 2107 fuisse
855 2068 1175 2117 circumscriptum.
1205 2066 1312 2113 Quod
1335 2066 1364 2101 si
1385 2065 1502 2100 nolint
1531 2063 1714 2105 confiteri,
1737 2061 1844 2096 alium
1865 2059 2011 2095 modum

325 2135 517 2170 narrabunt
530 2163 538 2177 ,
559 2133 691 2168 infelici
712 2132 928 2167 Docetarum
951 2144 1067 2165 errore
1088 2128 1260 2164 furialiter
1280 2127 1435 2175 abrepti,
1458 2125 1641 2174 phantasia
1663 2131 1804 2158 tantum
1824 2120 2009 2167 contigisse

324 2194 467 2230 Domini
489 2195 769 2230 incarnationem
787 2201 819 2228 et
839 2183 1102 2228 crucifixionem
1124 2189 1352 2225 somniantes.
1374 2187 1466 2222 Nam
1488 2185 1672 2220 Christum
1690 2182 1786 2218 haud
1806 2181 1917 2217 fuisse
1936 2194 2011 2215 cru-

326 2256 468 2291 cifixum
495 2255 675 2303 imaginati
697 2263 802 2300 sunt3
827 2253 886 2289 sed
907 2253 1023 2302 ipsum
1043 2251 1189 2300 quidem
1208 2250 1245 2284 in
1268 2257 1426 2284 montem
1452 2247 1635 2282 sedentem
1655 2244 1803 2280 Iudaeos
1827 2242 2009 2284 derisisse,

325 2330 391 2352 ceu
420 2317 482 2365 qui
511 2315 694 2351 Simonem
719 2315 979 2364 (cyrenaeum)
1003 2312 1273 2359 crucifigentes,
1297 2316 1464 2358 putarent
1494 2307 1679 2343 Christum
1706 2303 1918 2340 crucifixisse
1949 2304 2010 2350 (x)

326 2377 412 2413 Non
439 2377 546 2424 igitur
566 2378 671 2412 habet
694 2376 857 2412 Christus
879 2390 897 2410 a
918 2374 1021 2410 nobis
1043 2371 1426 2420 circumscriptionemg
1448 2383 1514 2404 nec
1535 2368 1614 2417 quia
1635 2381 1654 2402 a
1675 2365 1776 2401 nobis
1796 2365 1909 2411 imago
1932 2363 2009 2398 eius

327 2438 484 2487 pingitur
504 2437 570 2472 sive
592 2437 764 2486 sculpitur
779 2465 787 2480 ,
808 2436 946 2471 idcirco
968 2436 994 2470 is
1016 2443 1069 2470 est
1090 2433 1386 2480 circumscriptus.
1411 2430 1522 2465 Valde
1545 2430 1665 2476 itaque
1687 2433 1869 2473 nugantur
1890 2423 1927 2458 hi
1947 2432 2011 2458 sto-

404 2522 439 2551 (i)
459 2518 651 2547 Animadverte
671 2519 812 2554 insigniter
830 2519 946 2554 impiam
967 2519 1132 2545 Doeetarum
1152 2524 1199 2543 seu
1218 2514 1470 2542 Phantasiastarum
1491 2511 1628 2543 fabulam,
1647 2507 1721 2536 haud
1740 2507 1797 2535 scio
1816 2515 1852 2534 an
1871 2505 1937 2533 atihi
1958 2513 2012 2532 me-

322 2568 468 2592 moratam.
489 2565 590 2591 Revera
614 2564 817 2590 Phantasiastae
842 2564 993 2590 humanam
1019 2561 1121 2589 Christi
1145 2565 1271 2587 naturam
1296 2563 1445 2591 negantes,
1465 2557 1524 2583 eius
1547 2562 1656 2591 quoque
1680 2552 1835 2588 passionem
1860 2559 1891 2578 ac
1914 2558 2010 2578 necem

325 2612 524 2643 consequenter
542 2607 713 2635 rciieiebant:
731 2611 811 2642 atque
831 2607 866 2634 ita
887 2606 1034 2634 ludibundi
1055 2604 1252 2641 propemodum
1272 2612 1303 2630 ae
1324 2602 1394 2629 male
1412 2601 1503 2628 feriati
1521 2600 1593 2626 hanc
1611 2605 1720 2632 quoque
1735 2595 1866 2632 Cyrenaei
1885 2594 2011 2629 supposi-

325 2653 428 2679 tionem
448 2652 677 2687 excogitaverant;
698 2651 751 2678 nisi
771 2651 838 2677 forte.
858 2651 942 2685 ipsam
962 2659 977 2677 a
996 2649 1164 2677 Manichaeis
1183 2647 1260 2683 quasi
1280 2645 1392 2674 heredes
1412 2646 1581 2679 acceperant.
1603 2640 1810 2668 phantasiastas
1828 2640 1943 2666 Severus
1963 2646 2011 2674 pa-

325 2697 443 2724 triarcha
464 2696 643 2724 antiochenus
662 2695 739 2722 libris
759 2700 851 2721 contra
873 2695 1010 2721 Iulianum
1031 2694 1114 2721 halir.
1130 2693 1296 2728 pulsaverat,
1313 2694 1339 2717 et
1358 2697 1421 2717 euin
1441 2686 1610 2715 Manichaeis
1629 2685 1787 2720 conspirare
1806 2683 2011 2711 demonstrave-

326 2746 382 2775 rat,
398 2750 466 2777 quos
484 2741 569 2768 libros
587 2748 637 2768 nos
655 2740 753 2776 partim
773 2739 910 2766 edidimus
928 2740 1022 2773 Spicil.
1038 2747 1108 2766 rom.
1125 2739 1156 2764 T.
1172 2738 1209 2764 X.
1231 2736 1307 2764 Idem
1325 2735 1426 2762 fecerat
1446 2734 1527 2760 etiam
1543 2730 1714 2758 Theodosius
1729 2728 1883 2764 patriarcha
1899 2728 2010 2755 alexan-

327 2786 439 2819 drinus,
460 2786 538 2813 cuius
557 2785 656 2819 scripta
675 2784 704 2811 in
723 2783 839 2810 arabicis
859 2782 998 2810 codicibus
1017 2783 1115 2818 partim
1132 2783 1267 2810 novimus.
1289 2781 1436 2814 Quumque
1455 2777 1483 2803 hi
1504 2775 1633 2803 haeretici
1649 2773 1807 2801 Armeniam
1823 2780 1930 2808 quoque
1946 2779 2010 2799 oon-

329 2832 524 2863 taminassent,
543 2829 654 2856 refutati
672 2832 738 2855 sunt
757 2827 864 2855 saeculo
883 2831 977 2853 octavo
996 2834 1010 2853 a
1029 2826 1182 2862 patriarcha
1202 2826 1324 2853 Iohanne
1342 2822 1464 2851 ozniensi
1484 2829 1513 2848 ea
1534 2819 1671 2855 praeclara
1691 2818 1830 2850 oratione,
1850 2825 1919 2852 quae
1940 2816 2010 2852 typis

328 2872 380 2898 ΡΙ).
401 2872 647 2901 Mechitaristarum
667 2871 788 2899 Venetiis
807 2873 870 2898 ante
889 2870 938 2897 hos
958 2878 1044 2898 annos
1064 2869 1174 2906 prodiit.
