2203 3331
166 857 172 862 '
188 854 250 873 Rom.
265 852 323 873 ΧΠ.
339 855 368 872 ts.

168 1035 172 1040 ’
186 1032 265 1052 ualui.
279 1031 326 1052 XV.
340 1034 369 1051 Η.

168 1097 173 1101 ’
184 1094 268 1114 Actx.
283 1096 371 1119 {1.>i·=1.

239 1639 275 1657 m.
290 1645 311 1663 μ.
330 1640 373 1658 1311,

405 169 474 202 251
997 176 1025 199 s.
1052 176 1223 199 xxcnrxiom
1248 175 1484 198 APOLOGETICL‘S

405 233 476 266 Sed
504 245 563 277 age
590 230 713 265 horum
742 228 932 265 infidelitas
960 231 1087 266 clarius
1114 231 1227 266 adhuc
1248 230 1473 272 ostendatur,
1494 229 1612 264 studio
1642 237 1761 265 nostro
1784 243 1823 265 30
1844 243 2005 265 sermone
2027 244 2068 267 ex

404 291 610 327 auctoritate
638 290 766 339 prolata
795 291 1021 327 oraculorum
1040 292 1183 340 apostoli
1206 291 1458 326 consarcinato.
1487 289 1577 325 Nam
1604 290 1663 338 qni
1691 290 1852 325 omnibus
1880 290 1997 325 omnia
2025 292 2070 325 sa-

404 362 482 387 ctus
504 360 550 386 est
566 380 573 394 ,
595 351 680 385 dum
703 350 859 386 fidelium
880 352 980 387 vitam
1001 353 1159 395 ordinat,
1182 352 1270 387 sicut
1292 351 1358 386 alia
1379 350 1495 386 omnia
1516 364 1762 399 quaecumque
1783 351 1888 386 vitam
1911 351 2071 386 salutem-

403 427 472 462 que
495 412 721 460 suppeditant
743 412 920 456 adhibuit,
944 414 989 448 ita
1017 414 1119 448 etiam
1141 427 1180 448 ex
1202 413 1358 448 ciborum
1388 426 1450 447 usu
1479 411 1750 446 similitudinem
1777 421 1938 455 sumens,
1960 425 2071 447 mores

406 473 544 507 illorum
571 481 676 521 atque
705 473 868 509 instituta
898 474 1113 522 complanat3
1138 474 1328 523 quominus
1348 473 1402 508 his
1423 472 1571 508 absurde
1599 480 1760 515 utentes,
1782 473 1819 507 in
1848 473 1978 507 malum
2004 473 2073 507 exi-

405 542 480 568 tum
500 541 660 580 vergant,
680 546 761 568 cum
781 534 867 569 haec
891 534 1224 582 imperfectioribus,
1242 534 1378 583 fideque
1400 541 1562 568 recenter
1582 532 1722 568 imbutis
1741 532 1956 580 evangelica,
1975 547 2073 568 scan-

402 594 563 628 dalorum
589 593 722 629 occasio
752 595 860 637 liunt,
885 595 977 630 unde
999 595 1034 629 lii
1058 604 1199 643 pereant
1229 604 1369 643 propter
1389 608 1477 643 quos
1501 593 1662 629 Christus
1688 601 1848 628 mortuus
1870 602 1942 640 0515
1966 602 2073 642 31(1110

404 655 518 689 adhue
541 655 793 690 infirmioribus
821 655 1076 703 impedimento
1103 656 1219 691 forent
1239 656 1280 691 ad
1302 655 1570 704 perfectionem,
1592 662 1818 703 mentemque
1844 667 1966 689 eornm
1986 668 2074 689 non-

404 715 489 750 1111111
511 715 590 750 satis
611 716 828 763 purificatam
852 730 992 764 prorsus
1020 716 1257 752 ostenderent.
1287 716 1390 762 Quod
1419 715 1561 764 quidem
1583 715 1617 749 in
1640 715 1680 749 iis
1704 715 1930 750 usuvenit-bat
1949 714 2012 763 qui
2031 714 2074 748 de

406 776 678 811 circumcisione
709 776 948 818 crediderant,
970 785 1072 824 atque
1093 776 1207 812 adhue
1229 777 1391 812 ciborum
1415 777 1680 812 distinctionem
1694 804 1702 819 ,
1724 775 1958 810 mosaicorum
1978 775 2075 809 insti-

408 846 565 872 tutorum
591 837 724 872 alumni
752 837 1010 885 quodaminodo
1039 837 1276 873 observabant.
1305 838 1366 872 Ait
1394 838 1501 885 igitur
1524 839 1560 874 *z
1581 844 1603 858 “
1629 837 1700 872 scio
1728 845 1761 871 et
1787 835 1926 871 confido
1954 835 1991 870 in
2017 835 2075 870 do-

410 927 431 941 „
460 899 554 933 mino
583 898 686 940 lesu,
708 898 797 932 nihil
826 912 898 932 esse
921 897 1149 946 inquinatum
1175 912 1237 946 per
1263 899 1399 946 ipsum,
1420 899 1489 933 nisi
1510 898 1542 933 ei
1564 898 1624 947 qui
1654 897 1825 933 existimat
1849 897 1932 945 quid
1962 897 2076 944 inqui-

410 987 432 1001 „
460 968 585 993 uatum
613 972 706 1001 esse,
730 958 778 992 illi
802 958 1024 1006 inquinatum
1048 967 1106 993 est.
1131 986 1155 1001 „
1178 958 1238 993 Sic
1266 967 1386 993 autem
1406 972 1481 993 rem
1503 972 1537 993 se
1560 959 1688 993 habere
1703 986 1711 1001 ,
1735 957 1868 1005 egregie
1890 971 1954 992 nos
1975 957 2076 993 docet

409 1019 645 1066 evangelicum
665 1033 804 1066 quoque
827 1018 1008 1053 oraculum
1028 1019 1152 1053 dicens
1172 1020 1208 1055 *ἔτ
1230 1025 1253 1040 “
1279 1019 1371 1067 quod
1399 1033 1473 1053 non
1501 1033 1586 1067 (11130
1615 1019 1751 1054 intrant
1778 1032 1840 1067 per
1860 1033 1895 1052 os
1916 1018 2078 1066 coinqui-

411 1108 433 1121 „
464 1088 548 1113 nant
569 1079 746 1113 hominem
766 1080 792 1114 ᾗ.
819 1107 842 1121 „
865 1079 1056 1114 Mittamus
1077 1093 1172 1114 nune
1194 1079 1311 1114 dicere
1333 1093 1420 1127 quae
1440 1079 1519 1114 divo
1541 1078 1645 1114 Petro
1668 1087 1750 1114 sunt
1774 1079 1942 1121 revelata,
1964 1092 2077 1127 quum

407 1149 556 1188 quatuor
584 1153 790 1188 suspensum
818 1140 950 1187 angulis
977 1140 1164 1175 demissum
1190 1140 1233 1175 ad
1257 1154 1291 1176 se
1313 1140 1400 1175 vidit
1426 1140 1600 1181 linteum,
1620 1153 1706 1174 voce
1733 1139 1837 1174 simul
1861 1139 2076 1176 adsonante.

411 1211 447 1236 ut
474 1215 618 1248 surgens
645 1201 824 1236 occideret
845 1210 881 1237 et
902 1201 1135 1237 manducaret
1163 1216 1252 1251 quae
1282 1202 1331 1237 ibi
1353 1211 1464 1238 erant.
1491 1201 1612 1250 quue
1640 1209 1812 1236 renuente
1827 1229 1835 1243 ,
1856 1200 1936 1248 quia
1958 1200 2014 1234 illa
2032 1200 2079 1234 vi-

406 1262 812 1305 debantunimmnnda,
835 1270 868 1297 et
888 1263 930 1296 ab
952 1263 1093 1299 insueto
1123 1263 1199 1298 cibo
1227 1263 1301 1311 ipse
1330 1263 1558 1308 abhorrebat3
1582 1261 1701 1297 denuo
1729 1261 1914 1296 oraculum
1939 1274 2080 1308 respon-

408 1322 497 1357 disse
513 1351 520 1361 ,
542 1322 630 1356 1111111
654 1323 780 1358 horum
805 1337 878 1358 esse
904 1323 1136 1371 inquinatum
1161 1338 1248 1372 quae
1272 1323 1373 1358 Deus
1398 1323 1655 1372 purificaverat.

510 1382 572 1417 1115
601 1383 740 1430 prolatis
769 1383 1061 1427 auctoritatibus,
1089 1384 1289 1419 consideret
1316 1384 1565 1433 unusquisque
1593 1383 1748 1432 quonam
1775 1381 2017 1417 immunditiae
2045 1389 2080 1415 et

411 1444 546 1491 probri,
568 1443 692 1490 dogma
720 1444 872 1492 ipsorum
893 1444 1135 1480 adulterinum
1156 1446 1377 1493 provehatur.
1404 1444 1497 1480 Nam
1517 1445 1545 1479 si
1570 1458 1658 1493 quae
1681 1444 1717 1478 in
1739 1451 1898 1478 ventrem
1925 1442 2082 1477 inferun-

411 1512 488 1546 tur,
512 1513 546 1538 et
572 1504 700 1539 deinde
723 1518 784 1552 per
804 1505 989 1540 fabricatos
1012 1520 1030 1540 a
1051 1514 1175 1540 natura
1196 1505 1416 1541 secernendo
1437 1505 1600 1548 idoneos,
1622 1513 1752 1541 exeunt
1771 1512 2081 1551 secernunturque

411 1573 566 1607 meatus,
588 1578 690 1600 nemo
719 1565 824 1600 sacris
846 1565 1016 1601 doctrinis
1039 1565 1216 1609 imbutus,
1239 1574 1271 1601 et
1298 1567 1449 1601 veritatis
1475 1580 1547 1601 non
1573 1566 1736 1613 ignarus,
1758 1565 1942 1613 inquinata
1968 1573 2002 1599 et
2022 1563 2083 1598 im-

410 1626 542 1660 munda
571 1626 801 1669 existimabit,
823 1627 918 1675 quod
940 1627 981 1662 ad
1003 1627 1161 1675 ipsorum
1187 1636 1346 1662 naturam
1374 1627 1526 1674 adtinet3
1552 1627 1610 1662 sed
1631 1627 1707 1662 eius
1733 1627 1939 1675 inquinatur
1965 1625 2083 1674 potius

411 1695 442 1721 et
470 1687 631 1722 foedatur
658 1688 794 1730 anima,
816 1688 879 1736 qui
907 1688 1039 1736 aliquid
1067 1689 1291 1736 inquinatum
1319 1703 1390 1724 esse
1417 1697 1516 1736 putat
1538 1688 1637 1723 nobis
1664 1702 1683 1722 a
1709 1687 1785 1722 Deo
1812 1687 2083 1736 permissorum,

410 1748 603 1783 voluntaria
632 1748 769 1783 scilicet
796 1749 876 1783 fidei
903 1749 1063 1784 laborans
1093 1749 1318 1791 infirmitate,
1342 1757 1374 1784 et
1403 1749 1440 1783 in
1466 1748 1610 1784 veritate
1638 1748 1838 1795 vestiganda
1862 1748 2083 1789 claudicans,

411 1817 593 1856 propterea
612 1809 705 1857 quod
726 1808 846 1844 salsam
868 1809 957 1856 gerit
977 1809 1020 1845 de
1043 1810 1093 1844 his
1116 1810 1323 1858 opinionem
1337 1838 1345 1852 ,
1368 1818 1402 1844 et
1431 1809 1589 1845 ciborum
1613 1809 1837 1845 distinctione
1864 1808 2084 1844 distrahitur.

412 1869 485 1904 13111
511 1883 594 1904 1010
621 1884 710 1918 quae
739 1870 907 1905 dominici
935 1871 1089 1919 corporis
1118 1871 1304 1918 imagInein
1331 1870 1434 1906 nohis
1462 1871 1653 1914 exhibent,
1682 1879 1787 1919 atque
1816 1871 1852 1905 in
1879 1870 2085 1905 memoriam

412 1930 548 1965 divinae
578 1930 801 1979 salutarisque
824 1931 899 1967 cius
921 1931 1173 1966 incarnationis
1201 1931 1406 1975 inducunt,
1429 1945 1467 1966 ea
1495 1932 1523 1966 si
1550 1931 1628 1980 quis
1650 1931 1832 1980 inquinata
1859 1938 1978 1979 putet,
1999 1929 2086 1978 quid

412 1991 449 2024 ni
479 1991 550 2039 ipse
579 1991 821 2040 inquinabitur
849 2006 888 2027 ac
916 1992 1154 2027 sordidabitur
1181 1992 1297 2027 anima
1327 2001 1360 2027 et
1389 2006 1557 2040 corpore,
1582 1992 1809 2040 impurusque
1838 2000 1873 2026 et
1899 1990 2086 2038 piacularis

414 2053 496 2088 hinc
518 2055 597 2096 fiet,
613 2054 737 2102 (1111110
756 2068 874 2102 parem
891 2055 1054 2103 quidem,
1074 2070 1112 2090 ac
1134 2055 1236 2090 dictis
1254 2055 1358 2098 cibis,
1375 2056 1547 2091 honorem
1564 2055 1740 2098 attribuit,
1759 2055 1820 2089 sed
1837 2054 1948 2089 multo
1968 2055 2087 2102 peiore

414 2114 488 2149 loco
509 2114 634 2162 ponit?
660 2114 804 2150 Deinde
818 2144 825 2158 ,
849 2115 876 2150 si
897 2116 976 2164 quis
999 2116 1141 2151 illorum
1162 2116 1244 2152 usui
1266 2116 1580 2165 inquinamentum
1604 2115 1749 2164 aliquod
1770 2124 1828 2150 aut
1850 2115 2087 2163 impuritatem

413 2174 612 2210 adtribuere
640 2175 789 2218 audeat,
814 2175 880 2224 ipsi
908 2176 942 2212 id
973 2176 1162 2224 imputabit
1189 2178 1355 2220 creatori,
1379 2186 1413 2212 et
1441 2177 1473 2212 ei
1501 2177 1565 2225 qui
1594 2191 1634 2212 ex
1661 2176 1771 2211 nihilo
1793 2190 1845 2211 res
1868 2175 1990 2211 eduxit
2012 2190 2088 2224 pro-

414 2235 515 2269 brum
541 2236 652 2271 saciet.
683 2235 788 2271 Certe
809 2237 869 2284 qui
890 2250 1061 2284 congruas
1091 2238 1237 2273 creatori
1265 2238 1444 2280 omnium,
1466 2246 1640 2286 quatenus
1662 2238 1764 2272 1101110
1785 2236 1878 2285 apud
1901 2250 1966 2271 nos
1987 2250 2089 2284 appa-

414 2295 506 2337 ruit,
527 2310 638 2331 sacras
666 2305 702 2331 et
730 2297 925 2345 inculpatas
953 2298 1122 2345 imagines
1150 2298 1274 2342 laedit,
1297 2308 1430 2347 quanto
1452 2313 1488 2334 se
1512 2298 1674 2334 audaciae
1704 2307 1738 2333 et
1766 2297 1916 2333 iniuriae
1939 2297 2088 2332 crimine

415 2356 624 2403 obstringat,
646 2357 740 2392 haud
769 2366 819 2393 est
844 2358 1060 2405 ambiguum.

520 2416 559 2451 Si
588 2432 668 2464 ergo
697 2418 760 2467 qui
788 2433 971 2454 erroneam
998 2420 1091 2454 circa
1118 2434 1212 2455 escas
1241 2421 1446 2469 opinionem
1475 2429 1626 2468 gerunt,
1647 2419 1741 2455 haud
1769 2419 1898 2467 probro
1923 2427 1957 2452 et
1986 2418 2088 2466 culpa

419 2486 557 2521 carent,
580 2478 637 2512 isti
665 2483 726 2527 qui
746 2479 783 2513 in
804 2479 885 2515 fidei
906 2494 1040 2515 summa
1060 2479 1179 2516 Deum
1199 2481 1365 2525 laedunt,
1387 2481 1474 2531 quid
1501 2496 1573 2517 non
1599 2489 1776 2530 patientur
1797 2479 1992 2514 malorum?
2022 2479 2088 2513 Su-

417 2547 528 2586 perest
558 2538 671 2586 itaque
692 2548 732 2574 ut
753 2554 808 2575 res
829 2549 967 2576 sanctae
981 2570 988 2584 ,
1010 2550 1111 2590 prout
1139 2542 1239 2577 decet
1253 2571 1261 2585 ,
1284 2542 1378 2577 omni
1406 2543 1535 2577 honore
1557 2556 1575 2578 a
1602 2542 1668 2590 piis
1696 2540 1899 2575 hominibus
1921 2541 1998 2575 iure
2019 2553 2089 2575 me-

419 2599 554 2647 ritoque
582 2599 785 2635 habeantur.
815 2599 887 2646 Qui
914 2616 992 2637 vero
1022 2603 1124 2637 stulte
1154 2603 1190 2637 in
1218 2603 1269 2637 his
1300 2603 1524 2646 claudicant,
1545 2602 1682 2651 profani
1708 2601 1907 2650 impurique
1935 2601 2088 2636 1101551111

419 2660 695 2707 reputabuntur,
713 2661 793 2708 111113
815 2662 1001 2709 inquinant
1022 2677 1110 2712 quae
1129 2663 1229 2699 Deus
1253 2664 1476 2711 glorificavit,
1495 2672 1528 2699 et
1548 2663 1745 2711 apostolicis
1763 2662 1994 2697 adversantur
2013 2662 2092 2709 dog-

417 2720 580 2757 matibus.
608 2720 653 2755 Et
674 2721 734 2769 qui
756 2721 922 2757 discernit
948 2724 1112 2772 quidem,
1134 2726 1328 2761 manducat
1357 2734 1493 2768 tamen,
1515 2725 1717 2766 damnatur,
1740 2723 1823 2772 quia
1853 2737 1934 2759 cum
1962 2723 2091 2758 discre-

420 2781 524 2815 tionis
548 2780 763 2816 conscientia
789 2783 962 2829 attingens
977 2813 984 2827 ,
1006 2786 1091 2833 quid
1114 2786 1308 2835 rii—infideli
1334 2785 1489 2821 deterior
1510 2786 1706 2821 habeatur?
1734 2783 1896 2827 Deinde,
1918 2783 2090 2833 quicquid

421 2855 458 2875 ex
481 2841 547 2876 fide
570 2855 641 2877 non
666 2850 736 2885 est,
757 2852 939 2890 peceatum
968 2854 1039 2892 est;
1066 2854 1101 2881 et
1127 2847 1223 2895 quod
1251 2847 1394 2896 quidem
1421 2846 1465 2882 ad
1493 2860 1585 2882 escas
1613 2846 1756 2890 attinet,
1776 2860 1848 2881 non
1870 2846 1920 2881 rei
1943 2845 2092 2880 mandu-
