2203 3331
417 226 479 259 1ϋὶ-
1001 237 1027 259 5.
1055 238 1224 261 Nicernoai
1251 236 1483 261 notoni-nmis

411 298 668 338 computantes,
690 289 740 323 101
765 289 914 325 delectos
936 304 1043 339 equos
1064 293 1246 341 mulosque
1269 293 1382 327 colore
1405 293 1530 341 optimo
1554 301 1588 327 et
1608 293 1820 340 Pingufflline
1843 295 1994 343 insignes
2017 295 2067 333 in-

408 351 535 385 x'isuri.
560 358 675 383 utrum
700 350 806 397 perite
828 364 845 384 a
867 351 1095 387 domitoribus
1118 362 1359 395 exerceantur,
1380 353 1536 401 beneque
1558 352 1762 393 decurrant.
1785 363 1817 389 et
1838 356 1996 404 ephippia
2018 366 2065 392 to-

411 412 536 449 lerent,
560 419 590 444 ct
618 411 736 457 quieto
760 410 877 445 itineri
899 412 967 446 sint
988 412 1125 455 idonei,
1145 413 1250 448 boum
1277 413 1431 461 deniqne
1453 422 1626 448 aratorum
1650 414 1859 450 incolumem
1881 425 2007 451 statum
2028 425 2062 453 et

409 480 606 506 ceterorum
626 471 695 506 six-c
719 485 858 519 gregum
880 472 948 507 sive
969 482 1225 509 armentorum:
1244 487 1358 522 neque
1382 473 1616 521 incongruum
1636 474 1802 518 dixerim,
1821 477 1848 510 si
1870 477 1958 525 pallii
1981 492 2064 526 quo-

409 547 476 580 que
500 541 531 566 et
557 533 713 575 tunicae,
735 533 950 580 aliorunulue
972 534 1254 569 vestimentorum
1276 535 1426 569 fimbrias
1449 543 1482 569 et
1503 543 1705 569 ornamenta
1727 536 1856 584 1·eliqua
1880 551 1997 573 curare
2018 539 2063 572 vi-

410 592 577 637 deantur;
603 601 705 639 atque
729 601 767 627 nt
789 607 860 627 uno
882 593 981 627 verbo
1003 593 1134 635 dicam,
1157 594 1353 642 temporalis
1379 608 1559 642 vanaeque
1582 594 1707 641 gloriae
1730 596 1887 630 studium
1907 610 1943 631 ac
1970 612 2062 644 pom-

410 666 496 700 pam.
525 652 663 700 Quippe
692 662 807 688 mente
828 653 919 688 haud
949 655 1035 688 bene
1064 655 1273 702 composita,
1294 669 1410 690 amore
1439 655 1649 690 caducarum
1677 655 1916 704 ssuxarumque
1944 672 2061 692 rerum

269 732 273 742 ι
303 733 315 748 ,ι
353 727 371 742 ··-
411 713 510 761 eapti·
524 716 531 761 (
546 727 625 747 nam
644 728 711 761 qua
733 714 876 761 quisque
898 728 933 748 re
957 714 1110 761 capitur,
1133 714 1246 749 eide111
1266 716 1389 763 servit)
1414 730 1527 751 veram
1547 730 1586 750 ae
1608 716 1793 751 salutarem
1814 716 1934 760 fidem,
1955 718 1987 752 id
2009 727 2060 753 est

162 2008 168 2011 '
185 2004 200 2023 ΙΙ
220 2006 270 2024 (Ἀπ’.
284 2005 317 2024 ΧΙ4
333 2008 360 2025 Γῐ.

162 2242 168 2249 ’
190 2240 203 2258 l⁴
226 2240 275 2259 l'inl.
292 2240 328 2260 ss.
345 2244 362 2260 2.

162 2365 166 2370 ·
185 2361 362 2383 11111111111.
403 2375 424 2388 ,.

161 2394 184 2413 ,q

351 1887 362 1901 v,
400 1863 465 1897 tico
487 1863 653 1910 praecinit
675 1863 841 1898 instinctu
862 1875 893 1899 *z

410 788 481 808 rem
503 774 682 808 maximam
706 774 802 809 tenui
824 782 1073 821 permutarunt.
1097 774 1156 809 Sic.
1178 775 1234 809 isti
1256 776 1415 810 facillime
1436 777 1637 824 iniquorum
1657 776 1787 810 insidiis
1807 777 1938 812 inretiti
1958 786 2059 817 sunt,

353 855 371 867 t=.
409 849 479 869 non
509 849 608 869 seeus
635 849 672 869 ac
695 835 782 868 serae
810 834 940 881 laqueIS
968 843 1169 869 venatorum
1198 835 1391 882 capiuntur.
1423 836 1528 871 Certe
1551 836 1661 871 Paulo
1689 839 1707 857 ’ἦ
1733 838 1794 871 1105
1817 838 1924 884 magis
1945 838 2059 872 mirari

410 895 528 929 liceret
552 908 656 943 quam
676 895 830 935 Galatas,
850 908 912 928 eur
935 903 1001 928 tam
1023 894 1091 928 cito
1112 908 1129 928 a
1151 895 1281 929 traditis
1304 910 1362 943 per
1385 910 1446 930 nos
1468 897 1635 932 doctrinis
1657 897 1899 940 discesserint,
1919 906 1950 932 et
1971 897 2059 932 datis

408 955 552 990 caelitus
573 963 678 1002 atquc
698 969 715 987 a
738 963 871 1001 patrum
894 954 1096 988 auctoritate
1118 954 1241 988 divinis
1262 955 1362 989 sacris
1383 956 1616 1002 dogmatibus,
1637 965 1737 1005 atque
1759 958 1801 991 ab
1822 958 1958 992 infinito
1978 967 2060 993 tem-

409 1030 489 1063 pore
511 1015 657 1049 stabilita
680 1015 745 1048 iam
766 1015 932 1061 firmaque
963 1015 1215 1049 consuetudine
1245 1024 1276 1049 et
1298 1024 1389 1063 typo.
1418 1016 1544 1063 Neque
1571 1031 1648 1051 xero
1669 1017 1721 1051 vel
1748 1018 1970 1065 sequentium
1990 1032 2061 1053 xer-

406 1077 526 1110 borum
551 1075 796 1109 meminerunt:
819 1080 840 1094 ‘²
863 1074 890 1107 si
911 1075 989 1122 quis
1010 1074 1105 1109 vobis
1129 1074 1427 1121 evangelizaverit,
1445 1084 1579 1123 praeter
1601 1076 1634 1109 id
1655 1077 1747 1124 quod
1765 1078 1960 1125 accepistis,
1983 1092 2060 1112 ana-

365 1166 368 1169 ,
409 1164 430 1171 ..
459 1137 569 1171 thema
592 1136 633 1170 sit
654 1138 679 1170 *ἰ
705 1164 726 1177 „
749 1134 842 1169 Talis
864 1135 980 1183 itaque
1003 1135 1146 1169 istorum
1167 1136 1325 1170 conditio
1349 1144 1418 1178 est,
1440 1144 1474 1170 et
1496 1144 1669 1184 tantopere
1693 1137 1894 1174 calamitosa.

513 1209 564 1245 17.
594 1197 660 1229 Sed
690 1196 757 1230 iam
777 1196 817 1230 ad
841 1196 944 1230 huius
972 1196 1150 1230 haereseos
1177 1196 1423 1243 antesignanos
1449 1197 1703 1232 convertendus
1730 1212 1840 1232 sermo
1862 1208 1933 1244 cst3
1957 1209 2057 1247 atque

405 1272 444 1291 an
467 1257 543 1291 aliis
565 1271 699 1305 quoque
722 1256 881 1290 similiter
901 1256 1064 1304 quadret,
1087 1257 1392 1293 considerandum.
1416 1256 1603 1305 Postquam
1621 1258 1736 1305 itaque
1757 1272 1775 1292 a
1794 1259 1936 1293 veritate
1954 1259 2057 1294 semel

406 1318 630 1360 exciderunt,
653 1316 747 1351 ranis
774 1316 840 1351 suis
864 1317 985 1351 mentis
1014 1317 1241 1364 conceptibus
1268 1326 1394 1352 temere
1424 1318 1524 1360 freti,
1549 1332 1652 1365 seque
1674 1326 1763 1353 totos
1783 1319 1976 1354 mendaciis
1999 1320 2059 1354 iin-

404 1379 572 1418 buernnt,
594 1378 709 1412 stultis
738 1377 996 1425 quaestionibus
1025 1392 1064 1412 ac
1093 1378 1284 1425 peregrinis
1312 1392 1346 1413 se
1376 1378 1539 1421 tradunt,
1561 1379 1764 1427 salmlasque
1792 1380 1895 1415 aniles
1919 1394 1956 1414 ac
1978 1395 2059 1428 pue-

403 1440 485 1473 riles
513 1448 671 1481 struunt,
694 1453 809 1487 neque
832 1453 951 1474 secum
972 1439 1034 1486 ipsi
1057 1453 1170 1486 neque
1200 1453 1280 1474 cuni
1308 1439 1449 1474 veritate
1473 1449 1723 1486 congruentes,
1745 1449 1937 1475 scrutantes
1964 1455 2059 1475 scru—

405 1500 549 1534 tationes
576 1514 664 1548 quae
690 1500 777 1534 1111111
798 1499 839 1533 ad
862 1499 952 1547 ipsos
974 1500 1169 1547 pertinent,
1192 1513 1304 1547 neque
1326 1500 1419 1548 quod
1441 1501 1538 1535 aiunt
1558 1500 1810 1547 intelligenteS,
1831 1515 1942 1548 neque
1963 1501 2056 1548 quod

402 1562 591 1607 assirmant;
612 1561 828 1609 quaestiones
842 1589 849 1603 ,
873 1560 1032 1608 inquam,
1054 1560 1095 1594 ad
1119 1560 1305 1608 perniciem
1328 1574 1469 1595 suarum
1490 1561 1686 1595 animarum
1707 1569 1741 1595 et
1762 1561 1982 1595 audientium
2004 1576 2057 1596 ex-

402 1621 582 1667 cogitatas,
605 1630 645 1656 ut
667 1635 734 1655 nou
756 1635 836 1656 suae
867 1629 1001 1655 tantum
1030 1620 1254 1668 perditionis,
1274 1635 1394 1655 verum
1417 1621 1521 1655 etiam
1541 1620 1646 1655 alieni
1666 1621 1786 1655 damni
1807 1635 1933 1668 poenas
1953 1621 2056 1657 dent:

402 1695 551 1729 quorum
578 1681 741 1716 malitiam
771 1690 803 1716 et
833 1681 976 1716 exitium
1004 1695 1095 1716 sacra
1125 1681 1262 1716 oracula
1290 1681 1418 1715 iamdiu
1448 1681 1726 1728 castigaverunt,
1757 1695 1845 1729 quae
1874 1681 1952 1729 ipsis
1981 1681 2056 1715 iure

401 1742 530 1789 optimo
550 1743 804 1777 accommodari
824 1751 957 1790 queunt
971 1771 978 1784 ,
998 1750 1097 1790 atque
1122 1742 1166 1776 ita
1187 1743 1259 1777 sere
1282 1756 1316 1776 se
1338 1742 1476 1776 liabent.
1501 1742 1594 1776 Cum
1615 1742 1705 1776 enim
1729 1742 1893 1788 evangelii
1913 1756 2055 1789 praeco,

400 1811 433 1836 et
453 1803 648 1837 divinarum
669 1816 785 1837 reruni
805 1803 979 1849 magister,
1000 1802 1259 1851 praedit-torum
1279 1802 1444 1837 malitiam
1464 1802 1500 1836 111
1519 1802 1640 1850 spiritu
1663 1802 1901 1849 praevidisset,
1916 1803 2057 1850 prophe-

861 1865 878 1879 '“
913 1877 934 1884 ··
955 1863 1135 1898 intrabunt
1156 1863 1248 1898 inter
1270 1877 1325 1898 vos
1346 1863 1420 1911 lupi
1442 1863 1573 1905 infesti,
1592 1877 1662 1897 11011
1686 1871 1863 1910 parcentes
1886 1863 1990 1909 gregi.
2012 1862 2057 1897 tit

402 1952 423 1961 ..
454 1938 492 1957 ex
514 1924 607 1958 vobis
628 1924 709 1972 ipsis
730 1933 912 1971 exsurgent
934 1924 996 1958 viri
1019 1939 1170 1972 perversa
1193 1925 1393 1973 loquentes.
1410 1932 1448 1958 ut
1468 1923 1641 1959 abducant
1661 1923 1846 1971 discipulos
1866 1931 1945 1971 post
1965 1937 2010 1958 se.
2032 1951 2054 1965 „

398 1984 604 2033 Rursusque
632 1986 712 2020 alibi
739 1986 785 2020 ait
812 1988 847 2022 ἦ
872 1992 894 2006 “
924 1985 1095 2020 eiusmodi
1122 1986 1197 2020 falsi
1224 1986 1397 2032 magistri,
1419 1985 1564 2033 operarii
1593 1984 1749 2026 subdoli,
1776 1985 2055 2030 transfigurantes

402 2075 423 2087 .,
453 2061 485 2080 se.
517 2046 551 2080 in
573 2046 740 2094 apostolos
769 2046 908 2082 Christi.
937 2045 1064 2094 Neque
1092 2046 1124 2080 id
1155 2047 1302 2091 mirum;
1328 2047 1399 2093 ipse
1431 2046 1523 2079 enim
1553 2045 1693 2080 Satanas
1722 2045 1943 2091 transfigurat
1963 2059 1996 2078 se
2019 2044 2055 2078 in

402 2133 423 2147 „
453 2107 614 2152 angelum
640 2107 739 2142 lucis.
769 2106 849 2141 Non
879 2115 930 2141 est
960 2121 1036 2153 crgo
1065 2121 1247 2154 inagnum.
1272 2107 1298 2141 si
1325 2106 1477 2141 ministri
1506 2120 1643 2154 quoque
1667 2106 1742 2140 eius
1764 2120 1798 2140 se
1820 2106 1854 2140 in
1879 2105 2055 2140 ministros

402 2195 424 2207 „
454 2167 559 2201 veluti
581 2168 726 2202 institiae
752 2168 1013 2214 transfigurant3
1035 2182 1184 2216 quorum
1204 2169 1282 2202 finis
1304 2168 1366 2202 erit
1388 2167 1584 2202 seeundum
1605 2181 1708 2215 opera
1731 2180 1859 2201 eorum.
1882 2194 1904 2208 „
1928 2165 2054 2200 Nonne

400 2235 431 2259 et
462 2227 632 2274 Spiritus,
655 2228 786 2276 inquit.
810 2228 935 2263 diserte
957 2228 1006 2263 ait
1026 2240 1060 2264 ‘t
1082 2236 1103 2249 ⁴·
1130 2229 1289 2263 extremis
1320 2228 1532 2276 temporibus
1554 2227 1738 2262 discedent
1764 2226 1903 2274 quidam
1924 2240 1942 2260 a
1966 2226 2054 2261 fide.

403 2314 424 2328 ,.
455 2289 578 2321 erroris
606 2289 780 2335 spiritibus
808 2289 1047 2331 attendentes,
1077 2298 1109 2323 et
1135 2289 1302 2323 doctrinis
1331 2289 1615 2330 daemoniorum,
1642 2288 1675 2322 in
1704 2287 1877 2335 hypocrisi
1904 2286 1984 2320 salsa
2010 2286 2057 2321 10-

453 2349 655 2394 quentium,
679 2349 923 2383 conscientiam
950 2363 1045 2384 suam
1075 2350 1295 2384 cauteriatam
1324 2349 1532 2384 habentium.
1558 2376 1581 2391 ,‚
1603 2348 1646 2382 ]⁴]t
1674 2348 1791 2382 denuo
1814 2349 1849 2382 *Q
1872 2354 1893 2367 *ὖ
1918 2345 2057 2380 novissi-

403 2435 424 2449 „
453 2408 518 2441 mis
539 2408 658 2442 dit-bus
679 2410 858 2444 instabunt
882 2419 1032 2458 tempora
1054 2424 1180 2458 aspera.
1208 2410 1323 2444 Erunt
1346 2410 1441 2444 enim
1463 2409 1618 2444 homines
1639 2409 1693 2443 sui
1716 2416 1890 2449 amantes,
1913 2406 2053 2454 cupidi,

402 2496 424 2510 „
453 2468 552 2509 elati,
575 2470 733 2516 superbi,
755 2470 964 2518 blasphemi,
989 2471 1186 2519 parentibus
1214 2485 1285 2505 non
1315 2471 1535 2507 obedientes.
1561 2469 1709 2516 ingrati,
1733 2468 1887 2510 scelesti,
1911 2467 1984 2501 sine
2012 2469 2056 2501 af-

364 2572 371 2577 ,
402 2558 423 2571 ‚2
451 2530 620 2572 sectione,
642 2531 762 2568 infidi.
787 2533 1041 2575 criminatores,
1065 2533 1349 2575 incontinentes,
1368 2532 1534 2574 immites,
1554 2531 1628 2565 sine
1652 2530 1885 2577 benignitate,
1907 2528 2056 2576 prodito-

266 2787 283 2799 ι’,
298 2790 319 2806 [³-
338 2785 367 2801 .”,

226 2843 233 2849 ’
254 2841 291 2861 tn.
308 2843 323 2862 l.
341 2847 369 2863 Ιιῐ.

402 2617 424 2632 „
453 2603 527 2631 res,
555 2590 720 2638 protervi,
750 2592 894 2628 tumidi.
921 2593 1134 2641 voluptatum
1162 2593 1268 2640 magis
1296 2606 1400 2641 quam
1426 2591 1495 2626 Dei
1523 2599 1711 2625 amatores.
1734 2589 1884 2637 speciem
1911 2589 2055 2637 quidem

403 2678 424 2692 .,
452 2650 588 2698 pietatis
614 2651 801 2688 habentes.
831 2654 886 2687 sed
914 2654 1080 2689 virtutem
1108 2655 1182 2689 eius
1209 2655 1425 2700 abnegantes.
1455 2651 1759 2698 Quemadmodum
1787 2658 1901 2685 autem
1931 2650 2054 2685 Iannes

406 2739 425 2748 .,
453 2720 556 2759 atque
575 2711 724 2746 lambres
742 2712 859 2761 ,Nlo-vsi
880 2714 1044 2749 adversati
1067 2723 1166 2757 sunt,
1187 2715 1235 2749 sic
1256 2723 1290 2749 et
1308 2714 1363 2748 isti
1380 2712 1512 2747 veritati
1531 2720 1743 2760 repugnant:
1761 2719 1943 2758 corruptae
1962 2724 2055 2744 men-

408 2798 425 2811 „
455 2771 495 2805 tis
516 2772 689 2809 homines.
711 2781 740 2806 et
765 2774 901 2819 reprobi
924 2774 1014 2809 eirca
1036 2775 1149 2809 fidem.
1173 2774 1243 2810 Sed
1266 2774 1356 2809 ultra
1376 2787 1449 2808 non
1471 2772 1674 2820 proficient:
1696 2771 1851 2819 ipsorum
1874 2770 1968 2805 enim
1989 2784 2056 2805 ma-

410 2859 430 2872 „
458 2832 579 2866 nisesta
609 2833 668 2866 erit
701 2833 836 2866 eunetis
867 2833 1070 2881 insipienia,
1098 2836 1189 2869 sicut
1217 2844 1250 2869 et
1279 2835 1414 2869 illorum
1441 2834 1515 2868 suit.
1546 2861 1568 2875 „
1594 2832 1800 2880 Rursusque
1830 2831 1892 2866 alio
1920 2831 1993 2865 1000
2020 2842 2054 2865 ”;

407 2896 428 2910 ³·
460 2893 666 2927 confitentur
692 2907 726 2927 se
755 2907 851 2927 nosse
879 2892 1016 2937 Deum,
1038 2895 1132 2930 factis
1160 2904 1274 2930 autem
1302 2903 1453 2942 negant,
1474 2893 1712 2935 detestabiles,
1736 2891 1929 2934 increduli,
1953 2899 1986 2925 et
2013 2891 2054 2924 ad
