2203 3331
206 239 213 249 '
225 238 251 259 rs
267 238 366 258 ‹txx'ttt
378 241 409 257 53.

204 294 214 302 '
235 291 301 312 Prot.
319 291 375 311 xlv.
391 293 410 310 tit

205 323 241 341 ΕΓ.

205 348 212 354 ’
233 345 297 365 prov.
314 344 361 364 ΧΥ.
377 348 408 365 ιιὶ.

207 376 239 394 ,¹:1⁸-

211 477 219 486 ¹
237 476 252 497 1.
268 476 319 496 Cor.
336 474 360 495 X.
379 478 408 496 tu,

204 785 212 792 ·
233 781 248 802 l.
263 780 315 801 Cor.
332 780 359 801 X.
374 784 406 801 2⁰.

199 1141 296 1189 intanti.
303 1141 357 1162 Xx't
368 1140 403 1161 ttt.

212 1174 233 1190 ε».

279 1568 316 1588 tir.
331 1573 353 1594 p.
368 1571 399 1589 33.

196 2299 205 2308 *
224 2298 239 2318 t.
253 2297 304 2320 Cor.
319 2298 366 2319 ΧΠ.
380 2301 399 2319 r..

449 161 514 195 178
1036 171 1064 196 S.
1090 173 1262 196 Ntcssrnom
1288 172 1525 197 APOLOGETICUS

450 255 472 268 ,,
501 234 538 261 ut
566 225 618 260 lex
647 223 793 260 Domini
821 226 848 261 ἢ.
873 253 895 269 ‚,
918 224 962 261 Ft
983 225 1087 264 illud:
1109 235 1131 250 ‘³
1155 242 1296 276 quaeres
1318 228 1521 275 sapientiam
1541 227 1632 275 apud
1655 227 1848 276 improbos,
1870 239 1904 265 et
1924 244 1994 266 non
2024 230 2116 267 inve·

451 314 472 327 ‚,
500 286 574 320 nies
595 287 622 320 *K
643 285 684 320 Et
699 314 706 327 ,
727 286 937 322 abominatio
958 286 1132 331 Domino,
1157 288 1321 335 cogitatio
1344 288 1473 323 iniusta
1493 290 1519 324 *ἦ
1545 317 1568 331 „
1591 287 1686 324 Haec
1707 303 1725 324 a
1747 291 1957 338 sapientium
1977 306 2037 327 ore
2058 306 2116 327 au-

445 345 569 380 dimus.
599 344 696 391 Quid
729 360 807 393 0130
841 347 881 381 311
911 348 995 383 11300
1023 348 1118 383 ‹lieet
1149 348 1380 382 ineffabilium
1410 348 1465 382 ille
1494 349 1747 396 mysteriorum
1774 351 1964 397 cognitor?
1991 351 2115 400 Neque

446 406 539 440 enim
560 406 702 442 aliunde
726 408 933 443 convincere
957 409 1058 444 decet
1082 423 1137 443 eos
1158 409 1218 456 qui
1240 422 1324 443 vana
1347 409 1390 443 de
1411 409 1516 444 corde
1538 417 1716 453 eructant,
1737 420 1769 446 et
1788 412 1965 447 contrario
1987 412 2115 461 spiritu

445 466 654 502 exstimulati
682 468 877 516 loquuntur
900 470 936 505 *z
959 476 981 491 ‘⁴
1008 469 1091 504 calix
1120 469 1381 504 benedictionis
1404 470 1463 504 cui
1483 470 1753 514 benedicimus,
1774 485 1893 507 nonne
1923 473 2116 508 communi-

447 556 469 570 ‚,
499 528 585 563 catio
612 529 788 576 sanguinis
816 529 960 565 Domini
988 532 1063 565 est?
1086 529 1129 564 Et
1158 529 1258 578 panis
1287 544 1393 579 quem
1420 530 1635 577 frangimus,
1658 545 1777 566 nonne
1804 533 2024 581 participatio
2045 548 2116 568 cor·

447 617 469 630 ‚,
498 589 589 636 poris
613 589 746 625 Christi
767 592 844 626 est?
868 620 890 634 Η
914 590 1013 636 Quae
1041 604 1119 637 crgo
1140 591 1355 639 participatio
1385 590 1535 626 iustitiae
1565 605 1646 626 cum
1673 592 1886 640 iniquitate?
1909 607 1996 641 quae
2026 608 2116 629 com-

443 649 563 684 munio
589 649 678 685 lucis
701 659 735 686 et
757 651 1008 686 tenebrarum?
1034 664 1121 698 quae
1150 651 1337 686 concordia
1368 650 1509 687 Christo
1540 665 1622 686 cum
1649 651 1783 704 Belial?
1809 667 1896 701 quae
1924 653 2037 702 portio
2065 662 2115 688 est

443 709 539 744 fideli
569 724 650 745 eum
678 711 845 747 infidele?
865 725 954 759 quae
983 710 1166 745 conventio
1194 712 1314 760 templi
1342 711 1410 747 Dei
1438 726 1519 748 eum
1548 712 1676 749 idolis?
1704 712 1800 758 Quid
1824 722 1942 748 autem
1970 715 2013 749 sit
2041 714 2115 749 1110-

443 769 517 804 111111
543 779 602 806 aut
630 771 883 820 idolothytum,
907 771 976 819 ipse
1006 771 1170 814 definiet,
1194 786 1318 820 nempe
1347 773 1466 807 11100115
1494 775 1529 809 ³³:
1552 788 1640 822 quae
1668 773 1848 808 immolant
1877 783 2017 822 gentes,
2039 775 2115 809 dae-

444 831 571 866 moniis
596 832 775 867 immolant
801 840 833 867 ct
858 846 927 866 11011
956 831 1043 866 Deo.

543 891 639 926 Haec
661 892 803 940 quidem
825 892 878 926 ille
901 892 960 939 qui
982 892 1082 926 nobis
1104 892 1252 940 desuper
1273 893 1452 941 perspicue
1474 894 1638 929 revelavit
1661 895 1864 930 divinorum
1893 895 2114 930 oraculorum

440 950 641 988 doctrinam.
671 953 745 987 Nos
766 966 844 987 vero
867 953 910 987 311
933 952 1035 987 3113111
1063 953 1259 987 divinorum
1286 954 1375 1001 apud
1398 968 1462 988 nos
1484 956 1725 1002 mysteriorum
1752 956 1988 991 initiationem
2008 957 2114 991 verba

441 1025 536 1046 nunc
564 1013 821 1049 transferamus,
853 1012 945 1047 Cum
965 1013 1131 1048 dominus
1159 1022 1277 1048 noster
1298 1013 1396 1048 Iesus
1422 1013 1584 1049 Christus
1607 1014 1703 1050 Deus
1717 1044 1724 1058 ,
1748 1016 1850 1051 relata
1872 1016 1914 1051 dc
1936 1024 2047 1051 morte
2068 1016 2116 1050 vi—

443 1073 570 1115 ctoria,
593 1073 846 1121 splendidoque
877 1082 990 1107 erecto
1014 1082 1135 1108 eontra
1157 1074 1286 1109 inferni
1318 1074 1536 1122 tyrannidem
1565 1076 1732 1123 trophaeo
1747 1105 1755 1119 ,
1778 1077 1898 1123 grandi
1925 1077 2029 1112 belua
2057 1076 2116 1111 do—

441 1133 543 1175 mita,
567 1134 664 1168 tertia
692 1134 748 1168 die
776 1134 819 1168 de
847 1135 993 1169 mortuis
1022 1135 1192 1178 surrexit,
1213 1135 1394 1183 discipulis
1415 1150 1580 1184 apparens
1602 1136 1784 1172 mandavit
1804 1139 1839 1173 a:
1860 1143 1883 1158 ‘⁶
1907 1146 2032 1172 euntes
2057 1137 2115 1171 do-

443 1220 465 1235 „
496 1202 569 1228 cete
591 1207 708 1228 01111105
730 1203 868 1241 gentes,
890 1195 1105 1243 baptizantes
1128 1210 1187 1230 cos
1210 1196 1246 1229 in
1267 1196 1412 1230 nomine
1434 1196 1552 1231 Patris-
1569 1205 1602 1231 et
1622 1196 1705 1231 Filii
1723 1206 1757 1232 et
1777 1197 1927 1245 Spiritus
1950 1198 2070 1233 sancti.
2090 1225 2113 1240 „

442 1252 636 1288 Confestim
656 1254 705 1288 illi
727 1269 788 1303 per
810 1255 1006 1290 universam
1027 1270 1132 1303 quam
1153 1256 1201 1290 sol
1223 1256 1347 1303 aspicit
1375 1265 1502 1291 terram
1530 1257 1677 1305 dispersi
1707 1266 1812 1300 sunt,
1834 1258 1907 1306 quo
1929 1271 2041 1292 sermo
2062 1272 2116 1292 eo-

437 1327 513 1348 rum
542 1315 720 1363 pervenit,
750 1324 781 1350 ct
808 1330 919 1364 usque
944 1316 985 1350 ad
1011 1317 1179 1351 terminos
1207 1317 1333 1352 mundi
1362 1317 1521 1365 ipsorum
1547 1318 1648 1353 verba
1677 1318 1936 1354 discurrerunt.
1967 1318 2029 1353 Sic
2057 1318 2115 1353 isti

437 1375 595 1420 gentium
616 1376 802 1424 piscatores
816 1405 823 1412 .
847 1391 903 1411 005
925 1377 986 1425 qui
1009 1386 1168 1412 recenter
1190 1392 1230 1412 ex
1252 1378 1334 1412 falsa
1354 1378 1614 1413 incredulitatis
1642 1379 1736 1413 unda
1763 1379 1940 1428 paulisper
1964 1393 2115 1426 emerge-

436 1435 518 1470 bant
532 1464 539 1478 ‚
561 1450 684 1483 sagena
705 1437 872 1471 sermonis
893 1437 987 1471 vivos
1015 1438 1212 1485 capiebant.
1242 1438 1286 1472 Et
1314 1438 1419 1486 primi
1447 1439 1590 1487 quidem
1610 1439 1651 1474 ad
1677 1440 1974 1487 praedicationem
1994 1449 2028 1475 et
2050 1440 2117 1474 ini-

437 1496 619 1531 tiationem
646 1497 680 1531 111
702 1498 762 1546 qui
791 1506 890 1532 crant
913 1512 952 1532 ex
977 1498 1245 1533 circumcisione
1274 1508 1499 1534 accurrentes
1514 1528 1521 1541 ,
1543 1500 1673 1546 gratiae
1700 1500 1968 1536 benedictiones
1987 1500 2116 1548 praeri-

436 1566 599 1605 puerunt.
629 1557 811 1606 Quotquot
838 1558 934 1592 0111111
963 1572 1002 1592 ex
1029 1559 1169 1593 iudaica
1195 1559 1444 1594 incredulitate
1474 1560 1652 1601 conversi,
1678 1568 1712 1593 et
1734 1573 1752 1593 a
1778 1560 1933 1607 paternis
1960 1560 2115 1594 moribus

437 1618 660 1662 recedentes,
683 1619 830 1653 moleste
852 1619 932 1664 iugo
953 1618 1091 1652 liberati
1118 1619 1285 1661 suerunt,
1307 1619 1369 1653 sub
1391 1632 1464 1667 quo
1484 1618 1551 1665 legi
1572 1619 1769 1654 serviebant
1789 1619 1957 1667 quamdiu
1980 1618 2116 1653 litterae

437 1679 694 1722 adhaerebant,
716 1693 811 1714 nune
839 1679 1078 1713 adorationem
1099 1679 1135 1713 in
1156 1679 1282 1727 spiritu
1310 1692 1350 1714 ac
1378 1679 1524 1713 veritate
1552 1693 1614 1726 pro
1640 1679 1740 1725 legali
1760 1679 1928 1727 praebent
1955 1679 2116 1714 omnium

435 1739 522 1776 Deo.
552 1739 646 1775 Tum
674 1749 708 1775 et
736 1740 806 1782 illi,
830 1740 891 1788 qui
913 1740 955 1774 ab
977 1740 1116 1775 ethnica
1137 1740 1383 1788 superstitione
1406 1749 1438 1775 et
1458 1754 1599 1774 ararum
1627 1740 1750 1774 nidore
1777 1739 1921 1774 retracti
1949 1741 2114 1783 suerunt,

436 1801 685 1836 idololatricam
709 1801 883 1836 insaniam
911 1801 989 1835 ilico
1018 1801 1295 1849 dereliquerunt.
1324 1801 1396 1835 Alii
1423 1815 1440 1836 a
1468 1801 1622 1835 barbaris
1644 1809 1678 1836 ct
1698 1801 1859 1835 absurdis
1887 1801 1989 1835 sacris
2017 1802 2116 1835 aufu-

437 1862 586 1909 gientes,
609 1862 652 1897 de
676 1862 909 1910 praepotentis
938 1871 1084 1897 eatenus
1111 1862 1239 1897 diaboli
1264 1862 1386 1897 fraude
1414 1862 1551 1897 liberati
1573 1863 1680 1896 suere.
1708 1861 1760 1896 Fx
1784 1861 1914 1910 quibus
1943 1861 1980 1895 in
2008 1876 2115 1897 11113111

435 1922 517 1959 111101
538 1923 793 1957 consessionem
822 1922 1114 1958 convenientibus
1129 1951 1136 1964 ,
1159 1922 1330 1957 catholica
1355 1921 1486 1957 Christi
1507 1922 1655 1957 ecclesia
1677 1923 1821 1957 formata
1843 1931 1893 1957 est
1916 1930 1946 1956 et
1971 1936 2116 1970 congre-

436 1992 520 2029 gata.
549 1983 594 2018 Et
621 1984 761 2031 quidem
790 1997 909 2018 omnes
939 1984 981 2018 ad
1010 1983 1190 2018 Trinitatis
1220 1981 1460 2030 cognitionem
1493 1983 1595 2017 simul
1624 1983 1784 2025 adducti,
1813 1983 1849 2017 iu
1880 1997 1918 2018 ea
1948 1983 2115 2031 baptizati

437 2052 541 2087 sunt,
569 2045 712 2079 nemine
744 2045 889 2093 insuper
917 2058 954 2079 se
985 2053 1184 2091 oggerente.
1216 2044 1297 2079 Non
1328 2044 1423 2079 enim
1451 2045 1616 2092 cuiquam
1643 2044 1702 2078 alii
1734 2058 2004 2079 commemorare
2033 2043 2115 2079 licet

436 2105 524 2139 illud
554 2106 648 2140 caelo
675 2115 840 2154 terraque
871 2106 1112 2152 famigeratum
1139 2119 1279 2141 110111011.
1308 2105 1434 2153 Itaque
1462 2105 1503 2139 ad
1532 2105 1696 2152 mysteria
1727 2113 1847 2139 nostra
1877 2119 1942 2140 ceu
1970 2106 2115 2153 profana

436 2165 532 2200 nullo
553 2174 710 2214 tempore
732 2166 921 2209 accedent,
941 2180 1057 2214 neque
1079 2180 1112 2201 se
1131 2179 1297 2214 umquam
1319 2165 1539 2213 participasse
1563 2165 1782 2213 impurorum
1801 2165 2012 2200 daemonum
2034 2179 2116 2200 con-

436 2224 676 2261 taminationes
700 2226 986 2274 suspicabuntur.
1015 2226 1169 2274 Ideoque
1191 2226 1226 2260 in
1253 2225 1378 2274 spiritu
1400 2224 1469 2259 Dei
1489 2225 1668 2273 loquentes
1690 2239 1763 2260 non
1789 2224 1911 2260 dicent
1930 2226 2115 2260 anatliema

438 2284 558 2319 Iesum
577 2287 603 2320 ᾖ.
634 2286 697 2321 Isti
717 2296 834 2322 autem
855 2287 1012 2335 apprime
1035 2287 1167 2335 profani
1189 2295 1222 2321 ct
1244 2286 1440 2329 increduli,
1462 2286 1489 2320 si
1514 2286 1631 2320 minus
1653 2286 1689 2320 in
1716 2286 1859 2321 nomine
1885 2284 2115 2321 Constantini

440 2344 684 2393 (Copronynii
700 2350 708 2394 )
725 2376 732 2390 ,
756 2356 846 2382 certe
868 2348 903 2382 in
926 2347 1109 2382 Trinitatis
1138 2348 1283 2382 nominc.
1306 2348 1400 2382 suere
1421 2347 1609 2395 baptizati,
1632 2346 1725 2395 quod
1754 2347 1844 2394 ipsos
1870 2360 1942 2381 non
1966 2347 2115 2381 arbitror

438 2414 633 2452 negaturos.
663 2407 776 2442 Secus
796 2409 889 2443 enim
910 2409 1004 2443 haud
1024 2408 1127 2443 nobis
1149 2422 1234 2456 opus
1256 2417 1344 2443 esset
1364 2408 1418 2442 his
1443 2407 1761 2455 disceptationibus
1782 2422 1822 2442 ac
1845 2407 2112 2450 certaminibus,

439 2479 555 2514 neque
582 2468 683 2501 nobis
710 2469 793 2503 adeo
820 2470 997 2516 negotium
1024 2471 1247 2505 facesserent.
1274 2468 1381 2504 Unde
1410 2469 1493 2517 ipsis
1515 2468 1687 2503 idolorum
1714 2468 1893 2509 obtrusio,
1915 2467 2035 2502 dicant
2062 2468 2114 2502 in-

439 2540 560 2573 genue.
583 2526 686 2573 Quod
707 2529 734 2562 si
753 2530 818 2563 hoe
836 2530 1061 2578 professionis
1081 2530 1234 2577 sigillum
1252 2530 1424 2564 intactum
1442 2529 1689 2577 sincerumque
1711 2536 1938 2570 conservant,
1956 2542 2021 2563 cur
2044 2528 2113 2563 illis

439 2601 574 2636 semper
597 2598 750 2623 versatur
774 2590 810 2624 in
836 2604 893 2625 ore
920 2591 1093 2627 idolorum
1118 2591 1274 2626 nomen?

543 2650 599 2685 28.
628 2649 719 2684 Nam
745 2650 773 2684 si
801 2651 978 2698 baptizatis
1002 2653 1035 2686 in
1061 2652 1191 2686 Christi
1218 2660 1366 2687 mortem
1390 2650 1478 2685 nihil
1502 2648 1664 2684 Christus
1692 2649 1832 2698 prodest
1847 2678 1854 2692 ‚
1876 2649 1960 2698 quid
1980 2649 2019 2684 ni
2038 2649 2110 2684 sint

438 2708 492 2742 isti
514 2708 652 2744 Iudaeis
677 2710 915 2753 veneratiores,
939 2719 969 2745 ct
1000 2712 1150 2746 ethnicis
1178 2711 1415 2753 infideliores,
1438 2718 1473 2744 et
1499 2708 1650 2744 barbaris
1678 2709 1970 2756 irreligiosiores?
1997 2708 2112 2744 Nemo

443 2770 534 2804 enim
563 2785 603 2805 ex
630 2770 684 2806 his
713 2770 879 2805 ccclesiae
904 2769 971 2804 Dei
998 2780 1240 2806 accusatorem
1261 2772 1428 2806 sefacere
1456 2783 1560 2805 ausus
1588 2778 1649 2804 est.
1678 2768 1753 2804 Hoc
1781 2769 1965 2804 cuiusnam
1993 2769 2113 2817 impie-

441 2830 519 2865 tatis
540 2830 682 2867 culmen
703 2845 774 2866 non
795 2832 989 2880 exaequat?
1010 2846 1097 2880 quae
1118 2833 1219 2868 verba
1241 2831 1445 2868 insolentiae
1465 2830 1570 2867 huius
1594 2830 1874 2878 magnitudinem
1896 2829 2112 2866 demonstra-
