2203 3331
182 1854 189 1861 ‘
210 1856 224 1875 l.
238 1856 295 1876 I‘elr.
313 1855 349 1876 111.
363 1858 393 1877 18.

182 1980 189 1987 ‘
209 1981 223 1999 Ι.
241 1978 298 1999 Petr.
315 1980 350 2000 ΚΥ,
367 1983 383 2001 1.

198 2163 205 2169 ⁶
223 2160 236 2179 Ι.
253 2160 304 2180 (ἶυΓ.
322 2160 336 2180 l⁴
352 2163 384 2181 213.

423 206 467 238 62
979 213 1008 235 s.
1035 213 1206 236 sici-:ruem
1234 214 1490 236 ANTtmult-:TJCL'S
1520 215 1542 236 1.

421 285 456 304 se
479 280 630 302 seorsum
653 274 831 314 spectant,
853 266 886 301 id
907 276 958 302 est
977 267 1141 304 deitatem
1164 278 1198 304 et
1219 269 1472 304 humanitatem
1497 270 1580 317 (liae
1602 279 1685 305 sunt
1706 272 1799 307 enim
1821 273 2101 311 substantiarum

422 327 744 373 denmninationes)
769 335 854 362 tunc
879 341 969 377 quae
994 337 1075 363 sunt
1098 329 1235 378 propria
1262 337 1296 364 et
1320 329 1527 364 naturaliter
1556 329 1796 375 inhaerentia,
1820 333 1958 382 utrique
1988 335 2102 383 singil-

421 388 516 422 latim
541 396 686 422 naturae
711 388 894 434 tribuunt3
919 403 1035 437 neque
1059 390 1151 424 dieta
1177 390 1219 425 (le
1245 404 1312 424 una
1339 404 1379 424 ex
1403 389 1455 423 his
1476 398 1620 433 natura,
1641 390 1683 425 de
1710 392 1816 428 altera
1841 408 1982 443 quoque
2006 410 2104 444 prae-

422 449 562 485 dicant:
586 462 668 482 nam
692 462 808 497 neque
833 449 1001 484 deitatem
1026 459 1178 485 creatam
1201 450 1439 498 passibilemve
1463 450 1639 497 dicerent3
1664 466 1777 500 neque
1803 453 1953 490 vicissim
1981 456 2100 491 huma-

425 508 567 542 nitatem
591 508 779 544 increatam
800 518 857 543 aut
884 509 1190 558 incorruptibilem
1216 519 1276 545 aut
1301 510 1551 558 impassibilem
1574 511 1809 559 appellarent,
1832 515 2015 563 multoque
2037 516 2099 550 mi-

422 582 488 603 nus
515 584 572 603 eas
598 569 747 604 invicem
769 571 921 617 compati
943 571 1123 613 dicerent,
1146 571 1237 606 sieut
1258 571 1419 606 hodierni
1444 571 1668 618 dogmatistae
1692 573 1902 610 existimant.
1926 575 2019 610 Cum
2040 591 2099 611 au-

421 637 491 664 tem
515 630 743 677 compositam
770 644 807 666 ex
834 631 886 665 his
911 632 1146 679 hypostasim,
1172 646 1238 667 eeu
1268 646 1379 667 unum
1405 632 1488 680 qnid
1516 632 1717 680 accipiunt,
1747 633 1927 669 Christum
1953 637 2098 684 quidem

424 704 466 724 ex
494 699 643 738 utraque
672 691 867 739 appellant3
895 692 1191 727 concurrentium
1217 701 1333 728 autem
1360 701 1563 728 naturarum
1593 693 1760 728 idiomata
1779 722 1787 737 ,
1817 708 1885 729 una
1914 709 1995 730 cum
2023 697 2098 745 ipsa

423 751 596 799 hypostasi
617 751 845 799 praedicant3
866 752 1032 798 quoniam
1052 761 1086 787 et
1107 752 1203 788 Deus
1225 753 1327 788 simul
1352 762 1383 788 et
1408 755 1512 788 homo
1539 754 1701 789 Christus
1723 763 1793 797 est,
1816 764 1849 790 et
1870 754 1970 791 Deus
1991 757 2099 792 incar-

422 820 547 854 natus,
572 820 604 846 et
631 811 791 846 Christus
818 820 955 846 creatus
985 812 1112 864 pariter
1138 821 1173 847 et
1198 813 1397 856 increatus,
1422 815 1636 862 impassibilis
1661 824 1693 850 et
1718 815 1885 864 passibilis
1910 816 2014 852 idem.
2042 817 2099 852 In-

422 872 558 906 terdum
584 886 664 907 vero
692 886 732 906 ex
760 871 887 906 divinis
913 871 994 906 solis
1022 871 1233 920 excelsisque
1262 874 1441 909 attributis
1464 874 1582 909 Deum
1611 883 1643 909 et
1666 874 1735 910 Dei
1762 876 1874 911 filium
1899 877 2097 914 nominant.

422 932 603 967 Interdum
624 932 777 979 denique
797 946 838 966 ex
856 932 1018 966 humanis
1038 939 1175 966 tantum
1191 941 1295 980 atque
1315 934 1528 978 humilibus,
1548 936 1725 970 hominem
1744 937 1966 986 hominisque
1987 937 2099 972 filium

420 1001 555 1029 vocant.
584 992 783 1040 Aliquando
806 992 906 1026 etiam
928 1006 965 1026 ea
990 1006 1078 1039 quae
1103 992 1144 1027 de
1170 1001 1320 1041 utraque
1342 1002 1438 1040 parte
1461 995 1635 1030 dicuntur
1657 996 1840 1039 idiomata,
1861 998 1904 1032 de
1929 998 2095 1032 alterutro

422 1053 522 1087 simul
552 1052 760 1087 subsistente
786 1061 819 1086 et
843 1052 1055 1087 coexistente
1083 1051 1234 1086 vicissim
1261 1053 1484 1100 praedicant,
1506 1064 1642 1102 propter
1669 1066 1827 1092 mutuam
1854 1058 2006 1105 partium
2035 1057 2099 1092 cir-

420 1112 732 1147 cuminsessionem
754 1114 817 1160 (ι).
842 1111 904 1147 Sic
926 1111 1091 1146 videlicet
1111 1111 1209 1147 Deus
1231 1113 1401 1160 passibilis
1425 1113 1574 1157 dicitur,
1598 1123 1630 1149 et
1653 1116 1780 1162 gloriae
1803 1117 1964 1152 dominus
1985 1117 2100 1152 cruci-

422 1174 527 1215 fixus,
549 1187 619 1207 non
637 1187 703 1221 qua
724 1172 823 1207 Deus
845 1172 905 1207 sed
927 1187 994 1221 qua
1012 1173 1125 1208 homo.
1144 1171 1189 1207 Et
1208 1173 1283 1208 vice
1304 1187 1421 1216 versa,
1442 1173 1544 1208 homo
1567 1175 1697 1222 absque
1719 1176 1838 1219 initio,
1859 1176 2097 1224 impassibiliS,

420 1234 596 1268 increatus
610 1262 617 1276 ,
640 1233 817 1276 caelestis,
839 1247 927 1281 puer
948 1242 1027 1268 ante
1047 1233 1207 1277 saecula,
1228 1248 1299 1269 non
1321 1248 1389 1282 qua
1411 1235 1512 1269 homo
1536 1235 1594 1269 sed
1618 1249 1688 1284 qua
1708 1235 1817 1271 Deus.
1845 1235 1938 1271 Nam
1958 1245 2099 1283 propter

419 1307 588 1328 summam
608 1302 815 1329 naturarum
836 1294 1024 1337 unionem,
1047 1302 1081 1329 et
1100 1295 1319 1342 hypostaseos
1341 1295 1532 1338 unitatem,
1556 1304 1590 1330 et
1612 1296 1695 1344 quia
1718 1296 1840 1331 eadem
1861 1309 2010 1344 persona
2031 1305 2100 1340 est,

420 1367 514 1389 unus
537 1362 606 1396 est,
629 1362 662 1389 et
682 1354 777 1389 idem
796 1354 924 1402 pariter
946 1355 1047 1389 ambo
1070 1363 1142 1398 est,
1163 1355 1290 1403 partim
1311 1356 1456 1404 quidem
1479 1355 1555 1390 sine
1576 1356 1676 1390 initio
1697 1370 1716 1391 a
1735 1365 1853 1404 patre,
1875 1356 2000 1404 partim
2020 1370 2102 1391 vero

420 1414 468 1448 ita
490 1414 602 1449 faetus
623 1414 667 1449 ob
694 1428 791 1449 suam
821 1428 899 1462 erga
925 1414 1084 1449 homines
1112 1415 1373 1462 benignitatem.
1402 1416 1521 1465 Atque
1548 1416 1612 1451 hac
1640 1417 1773 1452 ratione
1801 1425 1947 1464 utraque
1975 1425 2101 1451 natura

420 1474 585 1510 idiomata
607 1489 669 1510 sua
690 1475 790 1510 alteri
811 1475 1068 1518 communicat,
1088 1483 1229 1524 propter
1250 1476 1408 1511 eiusdem
1428 1477 1650 1525 hypostaseos
1667 1477 1859 1522 unitatem3
1877 1476 1964 1524 quin
1985 1485 2101 1511 tamen

420 1549 496 1583 pars
524 1535 691 1570 alterutra
712 1535 848 1571 deserat
870 1536 1018 1571 alterum
1040 1536 1077 1570 in
1100 1536 1224 1571 eodem
1246 1536 1406 1572 subiecto
1431 1537 1672 1573 adtributum:
1695 1536 1799 1571 sicuti
1819 1536 1923 1572 etiam
1943 1536 2009 1570 sibi
2027 1550 2102 1583 pro-

419 1596 508 1643 prias
529 1596 650 1631 fecisse
672 1596 801 1631 dicitur
818 1596 980 1631 Verbum
1002 1596 1116 1632 carnis
1136 1611 1219 1632 suae
1242 1597 1439 1632 secundum
1460 1598 1699 1633 oeconomiam
1716 1597 1904 1646 passiones
1926 1596 2017 1632 Nam
2038 1595 2103 1630 etsi

420 1656 506 1691 nihil
528 1657 564 1692 in
586 1656 723 1705 propria
751 1665 876 1692 natura
903 1671 1022 1705 reapse
1044 1657 1089 1692 sit
1108 1671 1269 1705 passum,
1292 1658 1522 1693 nihilominus
1547 1672 1747 1707 perpessum
1767 1658 1898 1693 dicitur
1912 1685 1920 1700 ,
1940 1665 1981 1691 ut
2008 1669 2103 1692 unus

424 1718 584 1753 omnium
614 1716 778 1752 Servator
806 1717 991 1754 credatur:
1018 1726 1123 1766 atque
1151 1727 1193 1753 ut
1221 1727 1359 1754 nostrae
1392 1719 1592 1754 existentiae
1625 1718 1971 1766 conservationisque
2001 1730 2104 1752 causa

426 1779 624 1821 adseritur,
645 1779 696 1813 sic
722 1779 825 1814 etiam
849 1788 966 1814 nostra
991 1779 1137 1815 felicitas
1159 1789 1300 1829 accepta
1325 1780 1439 1815 eidem
1460 1782 1645 1816 referatur.

532 1838 648 1887 Atque
671 1839 740 1874 hoc
764 1853 828 1874 nos
848 1840 951 1875 docet
972 1840 1212 1888 theologorum
1239 1855 1324 1889 apex
1345 1841 1444 1876 divus
1466 1841 1596 1876 Petrus
1619 1842 1669 1889 (2)
1693 1841 1812 1876 dicens
1832 1842 1869 1875 ²¹²⁸:
1891 1845 1913 1860 ‘⁶
1940 1837 2104 1873 Christus

435 1929 457 1943 „
484 1900 590 1935 semel
606 1908 747 1948 propter
764 1909 907 1948 peccata
924 1909 1040 1936 nostra
1060 1909 1220 1936 mortuus
1241 1910 1309 1944 est,
1328 1901 1439 1936 iustus
1458 1915 1518 1949 pro
1537 1902 1690 1943 iniustis,
1710 1909 1749 1936 ut
1766 1914 1829 1935 nos
1851 1900 1989 1934 offerret
2006 1897 2104 1942 De03

424 1991 447 2005 „
475 1961 704 1996 mortificatus
725 1961 869 2009 quidem
891 1975 1014 2004 earne,
1034 1961 1230 1997 vivificatus
1259 1972 1378 1997 autem
1399 1962 1535 2011 spiritu.
1564 1962 1608 1996 Et
1634 1976 1757 1997 rursus
1783 1963 1819 1997 *ε
1843 1960 1985 1996 Christo
2006 1972 2105 2006 passo

422 2052 445 2066 „
474 2037 534 2070 pro
562 2022 665 2057 nobis
696 2036 825 2065 carne,
855 2030 889 2057 ct
917 2036 975 2057 vos
1006 2022 1126 2057 eadem
1153 2022 1368 2069 cogitatione
1397 2022 1591 2059 armemini.
1623 2051 1646 2066 ‚,
1677 2021 1895 2058 Consonabit
1920 2021 1972 2054 his
2000 2019 2106 2055 etiam

421 2084 666 2131 mysteriorum
693 2083 875 2126 initiator,
900 2090 923 2104 “
951 2082 1131 2118 Christum
1161 2083 1375 2118 crucifixum
1400 2083 1626 2132 praedicans,
1649 2092 1684 2118 et
1708 2083 1891 2118 dominum
1915 2080 2043 2128 gloriae
2067 2080 2105 2114 in

424 2173 447 2187 ,‚
477 2158 581 2179 cruce
604 2157 814 2192 suspensum
835 2144 861 2179 *ἦ
889 2172 911 2186 „
934 2143 1018 2178 Ideo
1040 2143 1192 2178 deicidas
1214 2153 1250 2178 et
1271 2143 1501 2179 doniinicidas
1522 2151 1647 2178 vocant
1669 2136 1818 2178 Iudaeos
1839 2151 1914 2177 tum
1933 2141 2011 2184 isti,
2029 2149 2106 2176 tum

421 2204 492 2238 divi
518 2212 635 2252 patres
662 2204 799 2246 nostri,
829 2204 890 2252 qui
917 2203 958 2238 de
988 2204 1119 2239 ratione
1147 2204 1435 2252 adpropriationis
1465 2204 1672 2239 idiomatum
1702 2203 1750 2238 ita
1778 2203 1965 2238 disserunt.
1993 2200 2106 2236 Divus

421 2264 565 2313 quidem
594 2264 744 2313 Cyrillus
772 2265 809 2299 in
837 2264 939 2299 tertia
966 2264 1009 2299 ad
1037 2264 1247 2300 Nestorium
1275 2265 1420 2313 epistola
1451 2266 1520 2313 (3):
1547 2272 1570 2285 ‘⁴
1600 2273 1740 2313 eratque
1769 2265 1806 2298 in
1835 2263 2004 2299 crucifixo
2034 2276 2107 2297 cor-

427 2352 449 2367 „
477 2339 558 2372 pore
572 2353 580 2367 ,
601 2325 717 2359 earnis
745 2338 826 2360 suae
849 2325 912 2359 sibi
934 2325 1162 2373 adproprians
1190 2325 1373 2374 passiones.
1401 2354 1423 2368 „
1446 2326 1487 2360 In
1510 2325 1568 2361 illa
1588 2339 1667 2360 vero
1689 2325 1731 2360 ad
1753 2324 1936 2359 orientales
1961 2324 2011 2358 sic
2035 2325 2107 2370 (4);

424 2391 446 2406 “
479 2385 690 2433 impassibile
719 2394 895 2433 praeterea
917 2384 988 2420 Dei
1011 2385 1168 2421 Verbum
1199 2387 1411 2421 confitemur
1440 2400 1581 2429 omnes,
1605 2386 1738 2421 etiamsi
1764 2384 2014 2433 sapientissime
2036 2397 2108 2431 my-

429 2473 452 2488 „
481 2446 579 2480 sterii
607 2446 847 2481 oeconomiam
875 2460 1023 2493 gerens,
1045 2447 1111 2481 sibi
1131 2447 1334 2482 adtribuere
1355 2447 1538 2482 videbatur
1559 2461 1616 2482 eas
1637 2461 1724 2496 quae
1750 2446 1844 2481 carni
1868 2459 1950 2480 suae
1974 2444 2108 2480 accide-

429 2534 452 2549 „
480 2506 563 2541 bant
584 2506 769 2553 passiones.
797 2506 994 2556 Propterea
1017 2516 1050 2542 et
1071 2507 1346 2556 sapientissimus
1368 2508 1513 2544 Petrus:
1539 2507 1678 2543 Christo
1700 2507 1806 2554 igitur
1826 2520 1887 2555 pro
1914 2506 2016 2541 nobis
2038 2518 2108 2540 car-

505 2618 540 2647 (1)
561 2615 621 2642 Dixi
641 2614 674 2641 (le
695 2615 825 2642 vocabulo
845 2618 1013 2653 περιχώρησις
1035 2625 1060 2651 p.
1082 2620 1125 2644 58.
1147 2616 1212 2644 adn.
1235 2620 1258 2644 1.

504 2662 539 2691 (2)
559 2660 614 2686 Cur
634 2659 826 2694 theologorum
848 2669 914 2695 apex
933 2662 1030 2688 Petrus
1055 2661 1163 2696 potius,
1183 2669 1267 2696 quam
1286 2661 1389 2688 Paulus
1415 2664 1463 2687 aut
1487 2659 1640 2686 lohannes?
1659 2660 1760 2693 Nempe
1781 2657 1815 2685 ad
1838 2657 1910 2685 Petri
1930 2656 2109 2692 apostolicum

423 2702 569 2737 primatum
589 2702 759 2737 Nicephorus
779 2705 900 2738 respicit.
923 2706 979 2731 lam
995 2713 1057 2732 vero
1078 2705 1126 2739 qui
1146 2705 1282 2732 carolinos
1301 2704 1400 2737 libros,
1415 2708 1447 2731 ut
1462 2703 1512 2730 hoe
1527 2703 1615 2730 obiter
1633 2702 1736 2733 dicam,
1754 2702 1821 2729 adeo
1838 2701 2030 2736 magnificant,
2044 2701 2108 2735 quia

421 2755 458 2774 ss.
480 2747 631 2782 imaginum
652 2747 758 2773 cultum
779 2748 953 2782 improbant,
974 2757 1023 2776 cur
1042 2757 1098 2776 non
1119 2757 1204 2784 aeque
1224 2749 1341 2777 laudant
1361 2748 1441 2783 primi
1461 2747 1523 2774 libri
1543 2747 1695 2781 capitulum
1715 2750 1819 2773 sextum
1832 2767 1838 2778 ,
1858 2746 1905 2773 ubi
1925 2746 1997 2772 Petri
2016 2743 2107 2774 sedes.

423 2799 535 2818 romana
554 2791 682 2824 ecelesia,
702 2791 799 2818 ceteris
819 2793 926 2819 eunctis
947 2792 1110 2827 praefertur,
1130 2797 1157 2820 et
1176 2794 1205 2820 iu
1224 2792 1288 2820 fidei
1308 2791 1516 2828 quaestionibus
1535 2791 1648 2818 omuino
1668 2790 1836 2818 consulenda
1856 2789 1971 2817 dicitur?

505 2839 541 2867 (3)
561 2835 611 2862 Ed.
631 2835 747 2862 Auberti
767 2836 797 2862 T.
820 2836 850 2861 V.
873 2840 941 2870 part.
963 2837 998 2863 11.
1020 2845 1046 2871 p.
1069 2840 1111 2863 72.

510 2883 544 2913 (4)
564 2879 664 2907 Confer
682 2879 777 2915 Cyrilii
796 2887 877 2914 opera
898 2880 929 2906 T.
950 2881 995 2906 Vl.
1018 2888 1043 2915 p.
1068 2884 1126 2908 198.
