2203 3331
778 173 841 196 pao
866 172 994 196 ssxc‘ns
1019 171 1220 195 fflAGtstBH.
1451 157 1456 159 ’
1770 161 1836 194 2!ss

162 229 383 266 intellectum
411 237 599 271 exercent,
623 236 657 263 et
679 228 712 262 iu
735 229 880 263 amando
901 228 976 263 Deo
998 227 1224 262 continenter
1247 236 1517 276 constanterque
1547 228 1620 262 sine
1642 241 1746 275 pausa
1775 227 1842 273 agi-

164 300 303 330 tantur,
325 298 358 325 et
380 289 422 324 ad
443 288 562 324 Deum
590 289 890 324 indeclinabiliter
915 289 1085 330 tendunt,
1109 296 1140 322 et
1170 288 1281 321 divini
1302 289 1386 322 radii
1408 289 1605 336 splendores
1634 289 1762 336 absque
1792 287 1843 321 in-

165 351 336 386 termedio
359 359 394 385 et
415 365 456 385 ex
477 350 687 398 primigenio
710 351 803 392 fonte
828 350 1042 397 suscipiunt:
1065 357 1141 383 tum
1165 348 1269 382 ctiam
1292 349 1371 395 quia
1394 349 1545 384 invicem
1566 356 1786 390 concurrunt
1809 356 1844 382 et

166 412 358 454 recedunt,
381 419 484 460 atque
513 412 555 446 ad
584 425 639 446 res
668 411 733 445 sibi
762 411 937 446 subiectas
962 410 1158 458 prodeunt,
1181 409 1386 456 providendi
1410 424 1509 444 causa
1531 419 1565 444 et
1586 408 1843 443 benefaciendi.

164 472 327 521 Namque
354 480 386 507 et
408 480 547 519 egentes
569 472 622 506 sui
644 472 836 519 respiciunt
851 500 858 513 ,
882 480 916 505 et
943 470 1191 505 manuducunt
1214 469 1443 516 diriguntque
1466 470 1507 504 ad
1534 470 1651 504 dixina
1676 484 1714 503 ac
1739 468 1845 503 subli-

163 534 280 569 miora.
313 532 529 580 Ceteroquin
558 541 591 567 et
620 532 757 566 stabiles
786 532 822 566 in
851 539 958 566 semet
980 529 1060 578 ipsis
1088 538 1190 572 sunt,
1212 538 1389 577 quatenus
1420 530 1598 564 constituti
1623 538 1705 564 sunt
1728 530 1762 564 in
1787 529 1846 562 ini-

164 593 287 628 mobili
315 593 357 627 ad
386 593 504 628 Deum
532 601 715 640 respectu.
745 601 776 627 et
805 606 823 625 a
851 605 912 626 suo
942 591 1065 625 eximio
1093 591 1211 624 habitu
1241 590 1505 637 constantiaque
1534 604 1607 624 non
1637 589 1844 632 discedunt,

163 654 223 689 sed
250 654 286 688 in
311 654 435 689 eodem
456 667 589 701 semper
610 662 751 687 manent
772 651 964 686 invariabili
985 653 1076 686 bono
1098 660 1201 699 atque
1224 659 1412 684 vei-santur.
1446 650 1487 684 :tt
1509 664 1588 684 vcro
1613 651 1666 685 liis
1688 650 1846 685 materia-

164 714 254 749 libus
283 729 397 763 ncque
422 723 539 749 motus
567 715 675 755 inest,
699 727 814 761 neque
839 727 1018 760 processus
1045 712 1114 747 sive
1144 711 1388 746 intellectualis
1418 711 1486 744 sire
1516 710 1706 753 sensibilis,
1729 725 1844 758 neque

164 775 348 810 inclinatio
370 776 411 810 ad
436 775 588 822 aliquid,
612 774 663 809 vel
687 775 835 821 impetus
857 782 917 808 aut
937 774 1117 808 voluntas:
1143 773 1202 807 scd
1227 771 1439 806 intransitivi
1460 780 1539 805 sunt
1569 780 1602 805 et
1630 771 1845 816 immobilcsg

163 845 267 884 atque
290 845 330 871 ut
359 845 584 877 moveantur,
609 835 732 870 alienis
753 835 885 869 viribus
906 835 1076 882 indigent.
1106 834 1204 868 Stant
1232 834 1335 879 igitur
1357 833 1418 868 ubi
1442 832 1625 867 constituti
1646 834 1792 866 fuerunt
1814 840 1847 866 et

165 897 344 933 collocati:
368 911 484 945 neque
513 898 600 931 lianc
632 897 737 943 ipsam
766 897 952 931 stationem
979 896 1046 944 ipsi
1074 896 1135 929 sibi
1166 904 1359 930 curarunt:
1385 902 1464 928 sunt
1495 894 1591 928 enim
1619 893 1791 927 inanimes
1813 901 1842 927 ct

162 959 240 993 sine
262 972 384 1000 sensu,
406 966 440 992 et
460 958 602 992 bomine
628 958 786 994 india-‘ut
806 958 867 1006 qui
887 972 920 992 se
941 965 1068 992 statuat
1089 965 1122 991 et
1144 957 1272 992 firmet.
1292 956 1510 1003 ubicumque
1534 955 1559 989 is
1582 954 1726 989 demum
1747 954 1845 991 volet.

164 1018 238 1053 lam
258 1007 348 1053 veris
373 1017 592 1053 Cherubinis
619 1033 892 1067 sermoquoque
914 1018 1026 1054 inest:
1050 1032 1129 1052 nam
1159 1032 1280 1065 reapse
1309 1026 1388 1051 sunt
1417 1015 1652 1057 seimonales,
1674 1029 1746 1049 non
1767 1028 1849 1063 quo-

162 1080 267 1114 modo
295 1088 414 1114 noster
437 1093 549 1114 sermo
574 1089 645 1121 est,
669 1079 812 1127 physico
839 1079 936 1114 vitali
960 1079 1107 1127 spiritu,
1129 1093 1190 1126 per
1218 1078 1312 1113 vocis
1341 1091 1468 1125 organa
1497 1076 1658 1125 prodiens
1686 1076 1850 1110 articula-

165 1149 241 1183 tus,
264 1149 297 1175 et
326 1141 410 1175 aeris
438 1141 665 1188 percussione
695 1142 881 1179 formatus,
902 1149 1005 1188 atque
1035 1140 1075 1174 ad
1106 1140 1327 1174 audientium
1356 1152 1497 1173 sensum
1523 1151 1561 1172 ae
1590 1138 1849 1185 susceptionem

162 1201 319 1247 delatus:
342 1201 403 1236 sed
424 1202 506 1249 quia
528 1201 591 1250 ipsi
614 1201 880 1243 immateriales,
905 1201 1145 1249 incompositi,
1169 1200 1364 1248 simplices,
1387 1199 1582 1247 incorporei
1598 1227 1605 1236 ,
1629 1199 1723 1234 inter
1744 1214 1777 1233 se
1798 1199 1849 1233 in-

162 1263 276 1297 vicem
305 1262 617 1310 circumaguntur,
641 1271 674 1297 et
695 1271 818 1297 mutuo
839 1262 1067 1309 cogitationes
1090 1269 1309 1308 agnoscunt,
1334 1269 1367 1295 et
1389 1273 1550 1295 sermone
1575 1260 1681 1294 tacito
1702 1260 1793 1295 inter
1813 1274 1846 1295 so

164 1323 417 1369 intelligibilius
444 1325 707 1360 communicant
730 1337 837 1373 quam
860 1324 927 1358 alio
953 1337 1095 1372 quoque
1121 1323 1292 1358 exteriore
1317 1335 1478 1357 sermone
1502 1322 1552 1357 fit.

266 1383 314 1418 At
344 1385 402 1418 isti
429 1385 541 1419 nostri
567 1385 650 1433 q'uia
678 1393 760 1433 sunt
789 1398 829 1420 ex
856 1398 962 1419 aurea
988 1384 1136 1425 lamina,
1168 1392 1201 1418 et
1230 1383 1381 1418 exanimi
1408 1382 1556 1417 materia
1584 1383 1847 1431 irrationalique

164 1452 352 1485 constant,
374 1445 591 1480 irrationales
619 1453 721 1490 suntg
746 1454 780 1479 et
807 1445 834 1479 si
864 1444 906 1479 de
933 1445 987 1479 his
1016 1444 1218 1479 ratiocinari
1247 1443 1412 1484 velimus,
1436 1443 1693 1479 irrationabiles
1717 1458 1780 1478 nos
1801 1444 1849 1479 vi-

162 1504 319 1540 deamur.
348 1504 405 1539 Illi
431 1505 585 1540 divinant
606 1505 725 1541 lucem
754 1505 941 1540 affluenter
968 1505 1235 1553 participantes,
1258 1505 1301 1539 ad
1329 1505 1483 1539 divinam
1510 1504 1663 1552 speciem
1685 1513 1720 1539 et
1739 1505 1850 1539 imita-

165 1564 298 1599 tionem
322 1574 497 1613 quantum
516 1565 600 1601 licet
621 1567 907 1613 conformantur,
929 1574 1034 1614 atque
1055 1565 1098 1600 ad
1119 1565 1392 1600 similitudinem
1413 1565 1524 1599 divini
1546 1565 1727 1613 archetypi
1748 1565 1850 1600 intel—

163 1625 360 1660 lectualiter
387 1626 600 1674 sublimique
628 1626 732 1661 modo
752 1640 788 1661 se
811 1626 1015 1662 intendunt.
1043 1625 1104 1660 Isti
1125 1640 1204 1661 vero
1229 1625 1445 1674 splendorem
1471 1625 1572 1661 illum
1600 1626 1848 1661 tantummodo

162 1686 396 1735 participant,
419 1701 525 1736 quem
552 1688 710 1736 ipsorum
737 1688 841 1723 habet
867 1687 1032 1731 materia,
1054 1687 1265 1722 dissimilem
1291 1696 1408 1722 tamen
1434 1687 1564 1722 habent
1591 1687 1633 1722 ab
1661 1687 1848 1735 archetypo

162 1748 322 1783 sormam.
345 1747 388 1782 Et
410 1748 446 1783 in
468 1748 535 1783 illis
557 1762 688 1783 nomen
713 1749 843 1797 ipsum,
863 1748 1094 1784 eminentiam
1116 1748 1284 1784 scientiae
1306 1748 1397 1783 nulli
1418 1756 1552 1783 creatae
1575 1747 1770 1783 secundam
1791 1748 1850 1783 de-

162 1816 354 1851 monstrat,
375 1822 442 1844 nec
471 1822 543 1843 non
571 1809 833 1844 redundantem
862 1809 1073 1856 sapientiam
1097 1811 1171 1857 (1),
1193 1817 1335 1857 propter
1363 1809 1509 1844 uberem
1536 1822 1577 1843 ex
1603 1808 1720 1843 divino
1748 1809 1847 1843 sonte

164 1867 308 1902 luminis
336 1868 585 1915 diffusionem3
610 1870 706 1904 unde
733 1869 784 1904 vis
812 1869 1072 1917 contemplandi
1100 1870 1230 1912 confit,
1257 1883 1345 1918 quae
1374 1869 1415 1904 ad
1444 1868 1666 1904 omnimodae
1694 1869 1848 1904 theoriae

161 1943 203 1963 ac
223 1929 392 1965 scientiae
413 1930 638 1965 altitudinem
659 1930 807 1966 mirifice
829 1931 1050 1974 extenditur,
1073 1930 1265 1979 divinaque
1285 1930 1521 1978 pulcherrima
1541 1930 1620 1965 luce
1644 1930 1849 1979 completur.

164 1988 258 2024 Hinc
279 1990 360 2038 ipsis
382 1991 488 2026 etiam
507 1991 629 2026 illucet
646 1992 808 2039 primitus
830 1991 980 2026 initiatio
1003 2005 1021 2026 a
1042 1991 1159 2026 divina
1179 1991 1357 2039 potentia,
1375 1991 1758 2040 ad-praecognitionem
1775 2005 1851 2039 pro-

163 2049 370 2086 cedentium
389 2051 487 2086 illine
509 2052 725 2100 sapientium
753 2052 996 2087 doctrinarum
1011 2081 1019 2095 ,
1040 2066 1078 2087 ac
1108 2053 1307 2098 theurgicae
1336 2051 1504 2087 scientiae
1532 2052 1721 2100 participes
1744 2060 1851 2100 prout

164 2111 213 2145 fas
241 2119 293 2145 est
321 2112 465 2155 effecti,
495 2112 614 2147 divina
643 2113 751 2148 multa
780 2122 815 2148 et
843 2113 975 2148 excelsa
1002 2113 1201 2148 sublimiter
1231 2121 1470 2160 coguoscunt3
1499 2112 1672 2161 cibusque
1700 2112 1769 2148 illis
1799 2121 1851 2148 est

164 2171 381 2219 simplicium
401 2173 654 2222 beatarumque
676 2174 979 2209 illuminationum
999 2174 1184 2222 splendor,
1206 2174 1269 2222 qui
1289 2174 1443 2222 proxime
1463 2173 1548 2222 ipsis
1570 2182 1603 2208 et
1623 2173 1787 2222 primitus
1808 2188 1850 2209 ex

163 2246 316 2280 superno
345 2233 442 2268 radio
470 2233 664 2270 illucescit:
689 2243 794 2283 atque
823 2235 872 2270 ita
898 2235 1074 2271 excelsum
1103 2235 1446 2284 supermundialium
1466 2234 1660 2277 mentium,
1682 2248 1748 2270 ceu
1769 2233 1848 2269 Deo

164 2292 360 2339 plurimum
381 2293 532 2336 similes,
555 2294 701 2340 gradum
724 2302 858 2329 tenent.
886 2294 993 2330 Unde
1015 2303 1048 2329 et
1073 2295 1288 2341 theologicae
1319 2294 1483 2329 scientiae
1505 2308 1523 2328 a
1545 2293 1686 2328 sublimi
1705 2293 1776 2329 Dei
1803 2308 1850 2328 es-

164 2354 277 2388 sentia
306 2353 493 2402 participes
522 2355 559 2388 in
588 2355 706 2403 primis
734 2356 838 2398 sacti,
860 2355 1008 2390 eandem
1036 2355 1077 2390 ad
1107 2356 1195 2390 infra
1219 2370 1252 2390 se
1282 2356 1409 2404 positos
1438 2355 1614 2390 deferunt.
1644 2354 1739 2390 Sunt
1769 2369 1849 2403 ergo

165 2414 275 2449 divini
302 2415 431 2450 silentii
459 2416 759 2460 manifestatores,
783 2417 868 2451 dum
890 2417 927 2451 in
949 2432 982 2452 se
1005 2417 1088 2466 ipsis
1117 2417 1332 2464 patefaciunt
1360 2416 1514 2464 supremi
1543 2416 1704 2451 omnium
1731 2417 1849 2451 arcani

165 2475 380 2510 ineffabilem
400 2484 580 2523 naturam3
599 2477 823 2526 divinamque
846 2467 1039 2513 bonitatem
1059 2479 1276 2513 incessanter
1300 2486 1574 2526 reson-”interque
1598 2491 1696 2512 sacro
1717 2478 1774 2512 illo
1799 2491 1850 2513 ce-

164 2536 303 2571 lebrant
330 2537 523 2584 theologiae
551 2538 690 2584 trisagio
718 2538 856 2586 hymno.
884 2538 934 2573 At
962 2539 1055 2573 enim
1083 2539 1118 2572 lii
1145 2539 1255 2573 nostri
1282 2553 1346 2573 ceu
1376 2552 1482 2574 manu
1513 2539 1619 2579 sacti,
1641 2538 1774 2573 nudam
1800 2553 1850 2572 so-

246 2634 282 2667 (1)
302 2632 330 2658 S.
344 2633 518 2664 Augustinus
537 2632 571 2659 de
590 2633 703 2660 diversis
717 2638 822 2668 quaest.
839 2634 886 2660 lib.
903 2635 939 2660 11.
956 2637 980 2661 3.
997 2634 1145 2669 explanans
1159 2633 1229 2661 illud
1244 2634 1321 2661 Pauli
1338 2635 1358 2660 1.
1374 2635 1435 2662 Cor.
1450 2635 1514 2661 xtli
1530 2637 1558 2660 S:
1582 2633 1635 2660 alii
1652 2634 1739 2660 (latur
1757 2641 1850 2659 sermo

165 2676 341 2710 sapientiae,
362 2677 416 2703 alii
434 2685 526 2703 sermo
550 2679 704 2709 scientiae,
725 2678 777 2704 ait:
799 2679 826 2704 in
852 2678 1011 2705 hominibus
1030 2678 1101 2704 solet
1123 2672 1248 2705 dIscei'm'
1267 2687 1286 2704 α
1304 2680 1449 2713 sapientia
1471 2680 1610 2711 scientIa3
1630 2680 1658 2704 in
1678 2680 1735 2704 Deo
1754 2679 1850 2704 antem

166 2727 220 2745 non
238 2722 306 2746 sunt
322 2720 392 2747 haec
411 2721 483 2754 clun,
503 2722 553 2748 secl
577 2730 672 2748 unum.
694 2724 733 2748 Et
756 2723 784 2748 in
808 2722 968 2748 hominibus
987 2722 1102 2756 quidem
1121 2722 1192 2748 haec
1211 2724 1253 2748 ita
1273 2723 1399 2749 discerni
1418 2722 1610 2757 probabiliter
1627 2721 1733 2752 solent,
1752 2722 1785 2746 *ut
1800 2728 1848 2747 sa-

161 2764 273 2797 pientia
288 2766 437 2798 pertineat
458 2765 498 2792 ad
517 2766 689 2793 intellectum
715 2768 915 2799 aeternorum,
935 2768 1055 2793 scientia
1075 2774 1142 2792 vero
1167 2766 1207 2793 ad
1225 2775 1258 2793 ea
1282 2774 1354 2800 quae
1376 2766 1501 2793 sensibus
1525 2767 1652 2800 corporis
1672 2765 1845 2799 aperimur.

166 2807 222 2834 sed
241 2806 307 2834 licet
325 2808 399 2835 alius
419 2809 509 2836 aliam
529 2809 726 2844 (Itjfferenrc'am
744 2809 892 2845 proferat,
913 2812 969 2838 m‘sz'
989 2813 1081 2837 lamen
1102 2811 1216 2837 dii-ersa
1237 2813 1341 2844 essent,
1362 2819 1415 2837 non
1435 2812 1475 2836 siz·
1495 2810 1531 2836 ab
1551 2808 1675 2844 apostolo
1695 2808 1847 2841 (liste'nqne-

167 2853 273 2878 rentur.

1710 2908 1738 2932 31

1885 903 1923 925 Gr.
1937 909 1959 931 p..
1976 906 2019 926 11⁴.
