2203 3331
801 169 863 192 rao
888 167 1016 192 saxeus
1043 166 1243 190 nummum.
1800 154 1869 187 259

187 231 271 280 quia
298 226 472 264 transtulit
493 226 592 261 illum
613 224 730 262 Deus:
753 234 831 260 ante
856 225 951 260 enini
977 222 1237 258 translationem
1260 235 1358 256 suam
1380 222 1624 257 testimonium
1651 221 1774 256 habuit
1802 221 1870 268 pla-

188 292 301 327 cuisse
323 289 413 324 Deo.
436 287 523 322 Sine
545 287 610 322 side
632 295 753 322 autem
774 285 986 335 impossibile
1010 292 1061 319 est
1082 283 1218 332 plaeere
1241 281 1326 318 Deo.
1359 283 1515 317 Credere
1540 283 1636 318 enim
1658 290 1794 330 oportet.
1818 296 1872 316 ae-

190 351 378 387 cedentem
405 348 447 384 ad
474 348 592 383 Deum
618 348 700 397 quia
730 356 799 390 est,
822 355 858 381 et
885 343 1146 394 inquirentibus
1174 357 1208 377 se
1236 351 1480 378 renumerator
1508 344 1562 380 sit.
1590 343 1678 378 Fide
1706 342 1801 381 Noe,
1823 357 1873 377 10-

188 424 315 460 sponso
343 418 485 458 accepto
506 409 548 444 de
570 409 610 444 iis
631 423 720 457 quae
748 408 861 443 adhue
889 421 962 442 non
989 406 1217 446 videbantur,
1238 412 1406 437 metuens
1435 404 1563 452 aptavit
1590 417 1703 438 aream
1727 404 1763 438 in
1787 403 1873 438 salu—

188 481 259 507 tem
286 472 409 506 domus
437 485 540 513 suae,
562 484 622 519 per
649 483 753 518 quam
780 468 957 504 damnavit
984 466 1179 510 mundumg
1204 474 1239 499 et
1266 464 1443 507 iustitiae,
1467 479 1557 513 quae
1584 479 1646 512 per
1670 465 1773 499 sidem
1801 474 1871 502 est,

188 533 288 568 heres
310 541 362 567 est
383 532 581 567 institutus.
605 531 693 566 Fide
716 539 857 565 vocatus
879 528 1058 563 Abraham
1080 525 1232 562 obedivit
1253 526 1289 560 in
1311 525 1427 560 10011111
1449 526 1540 560 exire
1555 554 1562 568 ,
1585 540 1689 574 quem
1711 535 1874 574 acceptu-

187 608 248 629 rus
274 602 349 628 erat
377 594 412 628 111
440 593 693 637 110101111310111;
718 600 750 626 et
780 591 882 633 exiit,
904 589 1067 624 nesciens
1094 603 1164 636 quo
1193 588 1268 623 iret.
1297 586 1385 621 Pide
1415 587 1614 622 demoratus
1643 596 1693 621 est
1718 587 1755 621 in
1785 596 1873 622 terra

188 655 494 703 repromissionis,
517 663 691 701 tamquam
718 653 755 687 in
784 651 916 694 aliena,
938 651 974 685 in
1004 650 1132 685 casulis
1159 642 1374 690 habitando,
1396 661 1475 682 011111
1506 647 1599 682 Isaac
1629 656 1662 682 et
1690 648 1793 682 Iacob
1821 662 1875 683 eo-

189 716 380 751 heredibus
409 714 689 763 repromissionis
717 713 884 749 eiusdem.
913 711 1129 759 Expectabat
1159 710 1253 745 enim
1282 708 1512 744 fundamenta
1540 708 1728 743 habentem
1759 708 1876 743 eivita-

189 785 285 819 tem,
309 776 411 811 euius
438 776 562 811 artil'ex
585 783 619 810 et
648 774 807 809 eonditor
835 772 944 808 Deus.
972 772 1059 808 Fide
1084 781 1118 808 et
1140 771 1211 819 ipsa
1236 769 1321 805 Sara
1347 769 1470 804 sterilis
1498 769 1664 803 virtutem
1686 769 1723 803 in
1750 783 1876 804 conee-

190 837 345 886 ptionem
366 837 507 872 seminis
529 836 687 884 accepit,
711 845 745 871 et
765 844 905 884 praeter
926 843 1062 882 tempus
1083 833 1207 868 aetatis
1234 831 1384 881 peperitg
1409 829 1577 879 quoniam
1602 830 1742 864 fidelem
1770 831 1877 865 eredi-

189 899 240 933 dit
262 912 331 933 esse
355 912 437 933 eum
459 898 522 947 qui
539 897 793 946 repromiserat.
815 896 963 945 Propter
983 895 1076 944 quod
1099 903 1133 930 et
1154 895 1196 929 ab
1218 907 1293 929 uno
1316 901 1388 927 orta
1409 900 1460 927 est
1486 894 1541 940 (et
1561 890 1706 939 quidem
1722 893 1876 926 emortui

188 960 316 1007 vigoris
344 960 417 994 viro
433 962 441 1007 J)
459 988 467 1002 ,
491 969 666 1008 tamquam
690 959 804 993 sidera
833 957 920 993 caeli
947 956 1163 998 multitudo,
1187 964 1219 990 et
1248 955 1341 990 sicut
1368 968 1492 995 arena,
1514 967 1601 1001 quae
1632 961 1681 987 est
1708 952 1751 987 ad
1781 966 1877 987 oram

189 1021 295 1056 maris
309 1049 316 1063 ‚
339 1020 617 1056 innumerabilis.
640 1020 742 1056 quta
764 1019 870 1054 fidem
892 1018 1055 1054 defuncti
1076 1026 1159 1052 sunt
1184 1030 1304 1051 omnes
1327 1015 1405 1058 isti,
1427 1029 1500 1049 nou
1522 1015 1672 1062 acceptis
1694 1014 1878 1062 repromis-

188 1082 370 1125 sionibus,
391 1082 452 1116 scd
474 1096 492 1116 a
513 1082 616 1129 longe
648 1096 703 1116 eas
733 1080 940 1129 aspicientes
961 1089 995 1115 et
1015 1079 1227 1121 salutantes,
1251 1086 1286 1113 et
1315 1077 1525 1112 confitentes
1549 1090 1583 1110 50
1608 1075 1814 1124 peregrinos
1843 1084 1876 1109 et

189 1143 343 1191 hospites
365 1157 438 1177 csse
460 1157 565 1190 super
588 1151 724 1177 terram.
750 1141 824 1186 Qui
845 1141 941 1177 enim
960 1141 1046 1176 haec
1069 1140 1194 1175 dicunt
1209 1168 1216 1182 ,
1238 1138 1439 1185 significant
1461 1152 1496 1172 se
1519 1136 1665 1185 patriam
1687 1137 1876 1184 inquirere.

190 1202 236 1238 Jit
258 1204 286 1237 si
310 1204 455 1251 quidem
483 1203 576 1238 illius
605 1203 875 1246 meminissent,
896 1202 939 1237 de
963 1216 1032 1251 qua
1054 1201 1232 1243 exierant,
1254 1200 1429 1235 habebant
1451 1199 1573 1247 utique
1601 1207 1739 1246 tempus
1768 1212 1878 1232 rever-

193 1264 301 1300 tendi.
323 1263 433 1299 Nunc
454 1273 572 1298 autem
588 1264 770 1299 meliorem
787 1272 973 1312 appetunt,
991 1262 1028 1297 id
1045 1271 1097 1297 est
1117 1262 1310 1297 caelestem.
1334 1260 1418 1295 Ideo
1436 1274 1510 1295 non
1529 1259 1763 1295 confunditur
1780 1259 1878 1294 Deus

192 1325 305 1359 vocari
333 1324 433 1360 Deus
465 1338 605 1371 eorumg
630 1324 762 1372 paravit
789 1324 884 1359 enim
905 1324 973 1358 illis
996 1323 1182 1358 civitatem.
1210 1322 1297 1357 Fide
1327 1321 1454 1356 obtulit
1476 1320 1653 1355 Abraham
1675 1320 1770 1355 Isaae
1797 1334 1880 1354 eum

194 1393 410 1428 tentaretur,
430 1394 463 1420 et
484 1386 710 1433 unigenitum
729 1386 913 1428 offerebat,
932 1385 995 1433 qui
1017 1392 1222 1433 susceperat
1239 1383 1544 1431 repromissiones:
1561 1382 1603 1416 ad
1622 1395 1727 1430 quem
1743 1381 1880 1416 dietum

190 1448 325 1489 suerat,
351 1446 434 1494 quia
461 1447 497 1481 111
527 1447 622 1482 Isaac
650 1447 831 1482 vocabitur
859 1446 923 1481 tibi
950 1459 1092 1481 semen:
1118 1444 1291 1480 arbitrans
1319 1444 1401 1492 quia
1429 1452 1463 1478 et
1489 1458 1507 1478 a
1534 1442 1684 1478 mortuis
1713 1443 1878 1477 suscitare

190 1515 316 1554 potens
346 1516 398 1542 est
424 1506 544 1553 Deus;
570 1507 668 1543 unde
696 1521 778 1542 eum
799 1516 834 1543 et
856 1507 890 1542 in
915 1507 1113 1556 parabolam
1139 1506 1284 1555 accepit.
1315 1504 1402 1541 Fide
1425 1513 1459 1540 et
1481 1505 1523 1539 de
1544 1504 1675 1539 suturis
1703 1504 1879 1538 benedixit

192 1566 334 1602 Isaacus
361 1567 493 1603 Iacobo
517 1577 551 1603 et
572 1567 676 1605 Esau.
706 1568 793 1603 Fide
822 1568 947 1616 Ioseph
974 1567 1131 1603 moriens
1154 1567 1198 1602 de
1222 1567 1316 1602 exitu
1339 1566 1492 1601 filiorum
1513 1565 1643 1600 israhel
1668 1573 1877 1599 memoratus

192 1637 243 1662 051
257 1657 265 1671 ,
289 1637 322 1663 01
343 1628 384 1663 110
409 1629 545 1664 ossibus
567 1630 640 1664 suis
662 1629 847 1665 mandavit.
870 1629 958 1664 Fide
979 1628 1127 1678 Moyses
1141 1656 1150 1672 ‚
1171 1637 1272 1663 natus
1287 1656 1294 1670 ,
1319 1627 1517 1663 occultatus
1542 1635 1593 1662 est
1614 1626 1796 1661 mensibus
1820 1626 1878 1660 tri-

191 1690 256 1723 bus
277 1704 294 1723 a
316 1691 522 1737 parentibus
542 1691 635 1733 suis,
658 1705 697 1725 eo
719 1691 812 1739 quod
834 1691 1005 1726 vidissent
1033 1690 1228 1737 elegantem
1249 1690 1443 1731 infantem,
1465 1697 1499 1723 et
1519 1702 1590 1722 non
1611 1687 1806 1722 tiinuerunt
1828 1701 1879 1721 re-

192 1750 240 1796 gis
269 1750 435 1785 edietum.
464 1750 554 1785 Fide
583 1750 730 1798 Bloyses
759 1751 898 1798 grandis
926 1752 1062 1793 sactus,
1092 1750 1207 1785 noluit
1236 1764 1271 1784 se
1300 1749 1371 1784 diei
1398 1749 1511 1792 silium
1540 1748 1629 1783 filiae
1660 1747 1878 1793 Pharaonis3

193 1811 297 1857 magis
327 1811 456 1858 eligens
483 1811 603 1859 adfligi
632 1825 714 1847 eum
740 1812 871 1860 populo
893 1811 985 1855 Dei,
1008 1825 1116 1860 quam
1138 1811 1335 1859 temporalis
1364 1810 1502 1859 peccati
1528 1810 1653 1844 habere
1682 1808 1881 1843 iucundita-

193 1879 286 1917 tem3
310 1872 459 1907 maiores
488 1872 627 1907 divitias
655 1873 842 1908 aestimans
869 1872 1044 1908 thesauris
1065 1872 1322 1921 Aegyptiorum
1343 1870 1594 1919 improperium
1618 1869 1770 1915 Christi3
1795 1873 1882 1917 aspi-

195 1931 309 1966 ciebat
338 1933 433 1967 0111111
460 1933 497 1967 111
526 1934 863 1969 remunerationem.
891 1933 983 1969 Fide
1012 1933 1155 1981 reliquit
1180 1932 1404 1981 Aegyptum,
1426 1945 1499 1966 11011
1527 1931 1661 1966 veritus
1689 1930 1881 1965 animosita-

193 2000 267 2026 tem
294 1993 401 2039 regis:
426 1993 636 2029 invisibilem
663 1994 756 2029 enim
783 2003 963 2043 tamquam
988 1994 1112 2029 videns
1139 1993 1316 2029 sustinuit.
1345 1992 1432 2028 Fide
1461 1992 1645 2027 celebravit
1671 1991 1820 2039 pascha,
1846 2000 1878 2025 et

194 2052 374 2099 sanguinis
397 2055 626 2100 effusione1n3
644 2069 688 2090 ne
706 2055 767 2103 qui
784 2056 939 2090 vastabat
959 2055 1235 2104 primogenitos,
1254 2062 1412 2101 tangeret
1430 2067 1497 2088 005.
1520 2052 1605 2087 Fide
1623 2052 1765 2087 transiit
1785 2066 1879 2086 mare

196 2112 346 2147 rubrum
373 2122 554 2163 tamquam
580 2130 643 2164 per
670 2116 802 2151 aridam
831 2125 980 2153 terram:
1005 2116 1099 2165 quod
1129 2116 1263 2164 experti
1283 2115 1469 2163 Aegyptii,
1491 2114 1645 2162 absorpti
1673 2122 1766 2149 sunt.
1793 2113 1880 2148 Fide

195 2172 289 2206 muri
310 2172 447 2209 Iericho
477 2185 709 2219 corruerunt,
733 2185 917 2225 postquam
938 2177 1064 2212 diebus
1085 2185 1220 2225 septem
1247 2175 1453 2211 circumdati
1474 2176 1627 2211 fuerant.
1654 2174 1742 2210 Fide
1764 2174 1882 2209 Rahab

195 2233 363 2268 meretrix
381 2248 453 2269 non
473 2236 576 2283 periit
597 2250 680 2271 cum
702 2237 914 2281 incredulis,
933 2238 1110 2286 excipiens
1127 2238 1360 2287 exploratores
1379 2250 1462 2272 cum
1480 2251 1577 2285 pace.
1599 2235 1645 2271 Et
1663 2236 1748 2285 quid
1766 2236 1883 2270 adhue

195 2292 311 2328 dicam
322 2296 336 2329 ';'
356 2294 512 2330 Deficiet
536 2296 630 2331 enim
650 2311 704 2332 me
725 2306 864 2346 tempus
886 2307 1107 2334 enarrantem
1129 2299 1172 2333 de
1197 2298 1363 2340 Gedeon,
1387 2297 1516 2341 Barac,
1539 2296 1690 2332 Samson
1704 2326 1712 2340 ,
1735 2296 1860 2344 Iephte
1874 2324 1882 2337 ,

196 2351 307 2387 David
323 2382 330 2395 ,
356 2354 523 2391 Samuhel
547 2365 579 2392 et
599 2358 795 2406 prophetis:
818 2359 879 2407 qui
901 2373 962 2408 per
985 2359 1092 2395 fidem
1112 2359 1334 2395 debellarunt
1362 2373 1466 2406 regna
1481 2388 1488 2401 ,
1511 2358 1645 2407 operati
1673 2366 1758 2393 sunt
1787 2358 1885 2392 iusti-

197 2413 301 2478 tiam,
323 2415 441 2464 adepti
462 2426 544 2453 sunt
565 2419 855 2466 repromissiones
870 2448 878 2462 ,
901 2421 1152 2456 obturaverunt
1179 2435 1238 2455 ora
1266 2420 1430 2463 leonum,
1454 2420 1685 2455 extinxerunt
1712 2419 1883 2467 impetum

194 2475 305 2520 ignis,
327 2477 530 2524 effugerunt
550 2479 665 2514 aciem
686 2479 811 2526 gladii,
835 2481 1087 2516 convaluerunt
1107 2481 1150 2516 de
1174 2481 1397 2524 infirmitate,
1418 2482 1526 2515 sortes
1548 2481 1631 2515 facti
1652 2488 1735 2515 sunt
1757 2480 1793 2513 in
1816 2479 1885 2513 bel-

196 2534 249 2577 10,
269 2545 384 2571 035113
397 2546 581 2573 verterunt
603 2548 815 2576 exterorum.
839 2542 1068 2590 Acceperunt
1088 2542 1255 2577 mulieres
1272 2542 1313 2576 de
1331 2541 1593 2577 resurrectione
1614 2549 1771 2576 mortuos
1791 2553 1882 2574 suos.

197 2597 271 2631 Alii
298 2606 419 2634 autem
440 2599 586 2635 distenti
605 2610 713 2645 sunt,
734 2616 807 2637 non
831 2603 1064 2651 suscipientes
1086 2604 1388 2652 redemptionem,
1411 2612 1451 2638 ut
1479 2603 1662 2638 meliorem
1685 2601 1884 2636 invenirent

196 2660 504 2698 resurrectionem.
532 2661 606 2697 Alii
632 2677 715 2698 vero
743 2663 897 2699 ludibria
921 2674 955 2700 et
975 2665 1120 2700 verbera
1149 2665 1305 2713 experti,
1328 2665 1472 2713 insuper
1494 2673 1527 2700 et
1548 2664 1687 2699 vincula
1714 2672 1748 2697 et
1772 2676 1885 2697 caree·

196 2732 271 2762 105,
292 2720 438 2769 lapidati
456 2731 562 2767 sunt,
585 2724 672 2759 secti
692 2733 795 2768 sunt,
818 2727 944 2761 tentati
964 2735 1066 2770 sunt,
1089 2727 1127 2761 in
1154 2726 1332 2762 occisione
1355 2726 1460 2774 gladii
1481 2726 1612 2761 mortui
1636 2732 1736 2760 sunt:
1763 2722 1886 2758 circui-

197 2789 305 2815 erunt
326 2782 364 2816 in
386 2783 546 2828 melotis,
568 2784 603 2819 iu
631 2785 783 2834 pellibus
812 2787 984 2836 caprinis,
1006 2796 1169 2835 egentes,
1191 2787 1404 2835 angustiati,
1428 2787 1572 2823 afflicti:
1598 2785 1730 2834 quibus
1756 2783 1883 2830 dignus

196 2854 270 2886 11011
302 2851 373 2878 0131
394 2845 567 2885 mundus:
592 2846 627 2882 in
649 2846 903 2884 solitudinibus
934 2857 1112 2891 errantes,
1138 2849 1171 2884 111
1196 2849 1373 2884 montibus
1395 2857 1427 2884 et
1447 2847 1646 2897 speluncis,
1671 2845 1703 2879 in
1728 2844 1883 2880 cavernis

1765 2914 1777 2928 9

1916 1700 1953 1721 (ἐν.
1969 1706 1990 1726 1).
2010 1703 2054 1720 izin.
