2203 3331
654 219 819 241 Aprensis
846 218 1090 241 CONSTAN‘HNFM
1117 218 1350 241 cornoxrnrn.
1805 210 1852 242 27

159 276 192 312 ls
221 285 340 312 autem
369 275 454 309 haec
479 274 685 317 declinans,
710 274 798 309 nihil
826 274 922 309 aliud
951 273 1020 315 ait,
1046 272 1114 306 nisi
1142 273 1237 320 quod
1262 274 1413 321 opposita
1441 274 1663 322 multumque
1693 274 1786 309 inter
1814 291 1848 309 se

157 335 385 379 dissidentia,
403 335 441 370 in
461 349 576 370 unum
599 336 765 384 idemque
789 342 917 370 coeunt
938 342 1044 381 atque
1067 333 1362 376 commiscentur,
1385 335 1527 370 confusa
1548 343 1581 369 et
1602 335 1757 370 invicem
1774 350 1849 383 per-

158 407 312 443 1nutata;
335 398 381 432 ita
405 405 444 432 ut
465 406 636 439 naturae,
658 397 702 431 ob
731 409 829 431 suam
852 395 888 429 in
909 394 1016 429 unica
1044 408 1189 442 persona
1217 395 1386 429 unionem
1401 423 1408 437 ,
1430 396 1484 430 vel
1505 397 1624 431 ambae
1649 397 1716 431 sint
1742 397 1850 431 incir-

156 458 391 507 cumscriptae
413 467 555 507 propter
574 457 753 500 Verbum,
775 456 829 491 vel
851 463 971 490 contra
993 455 1112 489 ambae
1136 455 1423 503 circumscriptae
1445 466 1587 504 propter
1611 471 1772 503 carnemg
1794 459 1848 492 rel

154 520 248 570 quod
274 520 391 555 verius
419 519 580 562 dicetur,
606 527 777 554 neutrum
802 517 950 558 horum,
976 515 1035 550 sed
1067 515 1163 551 aliud
1193 515 1372 565 quoddam
1402 519 1661 553 consurrexerit
1690 519 1850 553 substan-

154 582 223 616 tiae
246 595 356 628 genus
370 610 377 623 ,
400 580 494 630 quod
519 579 676 615 confusio
699 577 874 620 effecerit,
898 585 931 612 et
952 577 1108 611 auctoris
1128 576 1238 611 nostri
1259 576 1378 611 levitas
1399 577 1626 613 fabricaverit.
1647 578 1695 612 Ea
1718 579 1847 627 quippe

154 642 316 678 confusio
339 642 494 683 dicitur,
517 653 607 689 quae
634 637 795 674 coeuntia
821 637 992 681 destruit,
1014 637 1050 672 id
1074 645 1127 673 est
1150 637 1240 672 nihil
1267 637 1395 672 horum
1418 651 1551 685 purum
1578 648 1778 683 conservatg
1801 640 1847 675 ita

153 713 194 739 ut
218 717 336 752 neque
361 702 474 738 deitas
502 700 541 736 in
570 714 609 735 eo
635 699 793 734 subiecto
822 707 963 733 maneat
989 713 1109 747 neque
1131 698 1344 734 humanitas.
1373 698 1459 733 Non
1480 698 1599 747 itaque
1621 699 1849 735 inconfusum

153 764 211 799 ille
236 773 380 807 tuetur,
401 763 472 798 nisi
494 761 635 809 utrique
662 769 833 803 naturae,
856 759 951 808 quod
974 773 1036 794 eae
1056 760 1239 808 proprium
1260 759 1534 794 substantialiter
1561 760 1710 803 habent,
1731 761 1849 795 distin-

154 834 253 861 ctum
274 825 457 860 adtribuat.
487 821 674 869 Quomodo
696 821 812 870 itaque
844 821 1107 864 concedemus,
1130 821 1164 856 id
1187 821 1280 870 quod
1310 835 1351 855 ex
1378 820 1515 869 aliquot
1544 821 1688 856 diversis
1714 835 1850 869 compo-

155 887 275 929 nitur,
298 884 403 921 unica
423 883 655 932 appellatione
684 896 725 918 ex
752 882 912 931 partibus
940 882 1167 918 denominata
1197 882 1358 917 denotari
1378 890 1480 930 atque
1505 882 1679 929 intelligi?
1706 883 1849 931 quando

154 946 294 981 scilicet
323 944 496 993 proposito
524 944 709 991 dogmate,
734 943 875 992 proprie
904 953 1098 993 exacteque
1122 943 1217 992 loqui
1241 957 1385 978 necesse
1410 951 1482 985 est,
1510 942 1557 977 ita
1587 952 1627 978 ut
1654 943 1706 978 vel
1734 952 1849 978 totum

154 1006 528 1053 incircumscriptum,
548 1004 602 1040 vel
632 1004 943 1052 circumscriptum
970 1013 1085 1039 totum
1105 1004 1329 1053 appellemus,
1360 1003 1420 1038 Sic
1443 1003 1615 1039 nimirum
1641 1018 1758 1052 neque
1779 1005 1848 1039 sola

151 1067 267 1101 anima
290 1067 395 1101 homo
423 1066 658 1114 appellabitur
686 1074 746 1101 aut
773 1065 929 1100 hominis
958 1074 1104 1108 natura,
1125 1079 1246 1113 neque
1274 1065 1359 1100 item
1386 1079 1512 1113 corpus
1542 1065 1675 1111 solum3
1700 1065 1761 1100 sed
1782 1066 1849 1100 hoc

152 1136 268 1162 totum
296 1141 336 1162 ex
364 1127 556 1169 ambobus,
576 1127 680 1162 homo
710 1134 771 1162 est.
801 1125 862 1161 Sic
890 1140 934 1161 ne
964 1126 1088 1161 domus
1117 1125 1265 1174 quidem
1291 1125 1432 1174 proprie
1460 1140 1500 1161 ac
1528 1140 1591 1174 per
1615 1141 1649 1161 se
1672 1126 1849 1161 vocabitur

152 1188 237 1236 lapis
265 1196 323 1223 aut
350 1188 485 1235 lignum
518 1196 579 1223 aut
610 1187 706 1222 aliud
734 1187 917 1236 quodlibet
952 1201 1072 1222 eorum
1102 1187 1201 1222 unde
1230 1187 1463 1235 componitur.
1493 1186 1603 1222 Nunc
1632 1187 1727 1222 enim
1755 1201 1849 1235 sepo-

152 1249 271 1284 nenda
298 1257 382 1284 sunt
409 1263 496 1298 quae
517 1262 580 1297 per
600 1248 798 1283 antidoseos
825 1249 972 1295 figuram
1000 1249 1220 1291 efferuntur,
1242 1248 1296 1282 vet
1321 1262 1383 1296 per
1407 1248 1684 1296 synecdochem,
1707 1248 1759 1283 vel
1786 1263 1848 1297 per
1897 1262 1915 1280 ‘r
1948 1272 1954 1280 s
1994 1271 1998 1282 ,

153 1310 263 1344 alium
292 1318 434 1358 tropum
461 1309 655 1352 dicuntur,
677 1317 800 1358 utpote
830 1323 917 1358 quae
946 1309 1039 1344 haud
1069 1308 1272 1344 secundum
1292 1309 1478 1357 proprium
1506 1309 1728 1356 singulorum
1749 1324 1849 1345 roca-

153 1370 320 1405 hulorum
347 1370 584 1417 significatum
612 1378 838 1418 usurpantur.
867 1368 963 1404 Haec
992 1369 1111 1417 itaque
1138 1369 1177 1404 in
1209 1368 1355 1404 Christo
1384 1384 1523 1418 quoque
1554 1370 1845 1407 observabuntur.

154 1431 258 1466 Sicut
280 1431 375 1466 enini
394 1430 515 1466 Deum
537 1431 651 1467 solum
667 1445 740 1466 non
763 1430 932 1475 dicimus,
954 1445 1022 1466 nec
1044 1430 1223 1466 hominem
1243 1430 1376 1474 solum,
1394 1440 1576 1480 propterea
1597 1432 1692 1480 quod
1713 1440 1846 1467 utrum-

151 1506 219 1540 que
249 1501 322 1538 est3
344 1493 392 1527 ita
420 1507 535 1541 neque
565 1492 914 1540 incircumscriptum
935 1491 1179 1527 tantummodo
1202 1500 1345 1540 propter
1364 1491 1522 1528 Verbum
1537 1521 1545 1535 ,
1567 1507 1639 1527 non
1669 1493 1765 1527 enim
1795 1502 1846 1528 est

152 1553 398 1589 tantummodo
426 1553 607 1599 Yerbumg
637 1567 754 1602 neque
783 1553 1097 1601 circumscriptum
1125 1552 1371 1588 tantummodo
1400 1561 1543 1601 propter
1571 1553 1845 1597 humanitatem,

152 1627 224 1647 non
247 1613 340 1648 enirn
361 1622 414 1649 est
437 1614 683 1649 tantummodo
703 1614 826 1659 homo3
846 1613 908 1649 sed
927 1622 1118 1662 utrumque
1140 1614 1278 1662 proprie
1297 1613 1341 1648 de
1365 1628 1404 1649 eo
1425 1614 1730 1662 pronunciabitur.
1752 1614 1847 1650 Nam

152 1674 246 1709 sicut
268 1675 361 1709 idem
381 1674 479 1710 Deus
501 1675 605 1710 simul
627 1683 677 1710 est
698 1683 732 1710 et
752 1675 855 1710 homo
870 1703 878 1718 ,
900 1675 947 1710 ita
967 1675 1061 1709 idem
1081 1674 1254 1710 delineari
1277 1683 1409 1723 potest,
1433 1684 1468 1710 et
1490 1690 1598 1711 secus.
1624 1675 1701 1711 Hoc
1722 1690 1846 1711 verum

153 1749 247 1778 esse,
277 1750 316 1770 cx
347 1736 529 1771 contrariis
557 1751 697 1785 quoque
725 1736 996 1772 demonstratur.
1025 1736 1108 1771 Non
1138 1736 1235 1771 enim
1263 1736 1384 1771 eadem
1412 1736 1610 1785 praedicata
1638 1736 1845 1772 differentes

151 1805 300 1830 naturae
324 1810 494 1845 umquam
516 1797 721 1833 admittent:
742 1811 891 1846 namque
916 1797 1110 1832 immortale
1135 1806 1169 1832 et
1190 1797 1365 1832 invisibile
1379 1826 1387 1841 ‚
1410 1811 1516 1832 nemo
1538 1798 1582 1833 de
1604 1798 1720 1833 anima
1742 1798 1845 1833 simul

151 1865 185 1891 et
207 1871 350 1904 corpore
368 1857 636 1905 praedicaverit:
654 1857 702 1892 sic
727 1858 906 1905 continget
927 1858 963 1892 in
986 1858 1171 1906 oppositis:
1191 1859 1324 1893 etenim
1345 1858 1491 1893 mortale
1512 1873 1552 1894 ac
1570 1858 1724 1901 visibile,
1743 1872 1845 1894 nemo

152 1918 196 1952 de
217 1926 368 1966 utroque
391 1918 617 1966 praedicabit.
640 1918 773 1954 Eodem
800 1919 905 1954 modo
926 1933 1044 1968 neque
1073 1919 1166 1967 quod
1194 1933 1266 1954 non
1296 1920 1430 1968 possint
1452 1919 1639 1962 delineari,
1661 1919 1704 1954 de
1733 1920 1847 1954 amba-

154 1980 218 2013 bus
242 1979 347 2014 simul
377 1979 512 2014 Christi
538 1979 675 2014 naturis
703 1979 863 2027 religiose
893 1979 1042 2015 dicetur.
1071 1979 1260 2028 Propterea
1283 1980 1502 2027 irreligiosus
1527 1981 1654 2029 pariter
1676 1979 1844 2028 rudisque

155 2040 382 2075 convincitur
404 2041 432 2075 is
458 2041 520 2089 qui
544 2041 629 2075 haec
655 2041 760 2076 sentit
784 2050 890 2089 atque
920 2041 1092 2089 opinatur.

254 2100 396 2136 Deinde
430 2102 480 2136 sic
508 2101 604 2137 dicit.
636 2107 684 2147 <59
717 2101 1014 2151 Quandoquidem
1043 2102 1184 2137 alteram
1208 2102 1356 2151 ‘qnoque
1391 2102 1651 2138 immaterialem
1683 2111 1845 2138 naturam

158 2167 204 2206 σέ)
239 2162 335 2197 carni
359 2162 554 2210 copulatam
575 2163 697 2205 habet,
719 2171 752 2198 et
775 2171 891 2198 tamen
915 2176 995 2197 cum
1015 2163 1152 2198 duabus
1175 2163 1241 2197 illis
1262 2163 1395 2198 naturis
1419 2177 1514 2198 unus
1538 2172 1605 2209 est3
1627 2177 1844 2211 personaque

156 2230 204 2268 ςζ-’ὶ
235 2223 333 2265 eius,
357 2224 425 2258 sive
448 2223 659 2272 hypostasis,
684 2223 902 2259 indivisibilis
924 2224 960 2258 in
982 2232 1132 2273 utraque
1154 2233 1278 2259 natura
1299 2233 1369 2270 est3
1390 2238 1461 2259 non
1485 2225 1724 2259 existimamus
1743 2238 1845 2272 posse

155 2290 203 2328 (ς’-,9
236 2298 317 2319 euin
339 2283 606 2329 circumscribi,
630 2284 715 2333 quia
737 2293 772 2320 et
793 2285 856 2333 qui
877 2285 1068 2332 figuratur,
1092 2299 1161 2320 una
1182 2299 1329 2333 persona
1352 2293 1421 2331 est3
1446 2293 1479 2319 et
1499 2285 1556 2320 ille
1578 2285 1638 2333 qui
1658 2298 1846 2333 personam

155 2351 203 2390 ῥ’)
233 2345 328 2380 illam
350 2345 633 2388 circumscribit,
656 2353 793 2380 constat
813 2345 967 2380 divinam
993 2359 1135 2394 quoque
1162 2354 1324 2380 naturam
1353 2346 1644 2381 circumscribere
1659 2375 1666 2389 ‚
1688 2359 1776 2394 quae
1799 2355 1846 2381 ta-

154 2412 203 2452 039
232 2420 315 2441 men
337 2406 579 2442 clrcumscribi
600 2406 722 2455 nequit
747 2407 810 2454 (Ι).
843 2413 891 2453 02-'2
921 2405 1092 2441 Pervenit
1112 2406 1169 2441 hic
1193 2407 1351 2453 egregius
1373 2407 1415 2441 ad
1438 2407 1605 2442 orationis
1626 2420 1708 2442 suae
1739 2416 1844 2455 caput

151 2468 403 2517 praecipuum,
431 2468 467 2502 in
497 2482 568 2517 quo
598 2482 664 2503 ceu
697 2467 896 2503 inevitabili
925 2476 958 2503 et
984 2467 1248 2516 inexpugnabili
1279 2467 1378 2502 valde
1405 2482 1441 2503 se
1470 2469 1578 2504 iactat
1605 2483 1645 2504 ac
1676 2468 1844 2516 superbit.

152 2528 246 2567 Sane
275 2530 359 2565 haec
387 2530 578 2578 propositio
607 2529 701 2578 apud
731 2529 939 2577 insipientes
966 2542 1007 2564 ac
1035 2529 1159 2564 stultos
1179 2529 1251 2563 vim
1271 2529 1454 2578 roburque
1477 2530 1632 2572 obtinet,
1657 2537 1689 2564 et
1713 2529 1843 2576 ubique

150 2590 385 2634 decantatur,
407 2592 507 2640 quasi
534 2591 660 2640 aliquis
681 2590 818 2626 facilius
845 2590 953 2639 possit
974 2604 1037 2639 per
1059 2598 1175 2626 aerem
1201 2590 1360 2626 sublimis
1387 2591 1503 2626 volare
1517 2620 1526 2635 ,
1548 2604 1655 2640 quam
1677 2604 1717 2626 ex
1738 2589 1842 2625 huius

150 2652 350 2699 argumenti
376 2653 500 2702 laqueo
529 2662 640 2688 semet
668 2652 852 2702 expedire:
876 2660 1006 2701 putant
1031 2653 1124 2687 enim
1146 2652 1312 2688 invictam
1335 2652 1463 2688 habere
1490 2653 1560 2688 vim
1582 2661 1616 2688 et
1640 2650 1843 2687 inrefutabi-

232 2769 267 2799 (1)
287 2767 388 2794 Contra
407 2768 566 2795 blamonssm
587 2767 735 2795 Macarius.
754 2768 843 2802 Ἡμεῖς
860 2768 881 2793 εἰ
895 2769 940 2802 μέν
958 2766 1042 2793 siud-12
1060 2769 1104 2794 τοῦ
1117 2768 1223 2802 ἀοράτου
1239 2767 1299 2794 θεοῦ
1313 2768 1463 2803 ἐποιοῦμεν,
1479 2770 1523 2794 καὶ
1541 2769 1583 2796 τήν
1600 2768 1672 2799 δόξαν
1689 2767 1733 2791 τοῦ
1748 2764 1845 2800 ιέξὲαρ-

151 2822 194 2838 τευ
211 2814 253 2838 καί
268 2812 347 2839 α’ὕλευ
364 2814 386 2838 ἐν
404 2814 547 2848 ὁμοιώματι
565 2814 680 2849 φθαρτοῦ
698 2816 878 2844 διατυποῦντες
895 2815 1097 2849 'agennum-Sps?
1112 2813 1260 2849 ἀνθρώπου,
1276 2814 1349 2844 ὅντως
1364 2814 1392 2839 ἅν
1409 2815 1576 2849 παραςρονεῖν
1593 2812 1738 2845 ἐδοκεᾶμενῖ
1755 2811 1843 2843 55in-

150 2856 212 2882 (lem
234 2865 282 2882 nos
303 2859 454 2897 imaqinem
478 2858 630 2885 invisibilis
651 2860 721 2891 Dei,
742 2860 770 2885 et
788 2860 968 2885 maiestatem
989 2859 1066 2891 eich,
1086 2859 1134 2892 qui
1153 2860 1194 2884 est
1217 2858 1445 2893 incorruptibilis
1464 2860 1491 2884 et
1509 2854 1726 2887 immaterialis‘,
1747 2853 1787 2880 acl
1804 2855 1844 2882 si.

151 2901 339 2928 mililucliuem
359 2903 554 2938 ιὀιίᾚῃίίὺῖίὶε
573 2903 697 2930 hominis
715 2903 876 2938 elli-(sianum
896 2903 1100 2936 (erlormrmus,
1121 2910 1223 2931 revera
1243 2905 1371 2931 insenum>
1392 2903 1562 2930 vitleremar.
