2203 3331
134 1515 140 1522 ·
158 1513 221 1533 ttoni.
237 1512 262 1531 V.
281 1515 310 1533 12.

104 1814 111 1823 ⁸
129 1812 180 1838 Sap.
197 1813 211 1833 1.
230 1815 260 1833 13.
278 1816 307 1834 it.

142 1879 149 1886 ·
164 1875 214 1901 Sap.
231 1875 258 1896 11.
273 1879 306 1897 Ξῖ.

169 2057 206 2077 (ir.
221 2064 242 2083 μ,
261 2061 305 2080 1⁸¹6.

363 171 427 204 112
902 177 930 201 s.
957 177 1127 202 mcernom
1153 175 1408 201 As‘rmmnzricrs
1434 175 1484 199 ut.

358 235 451 283 qnod
483 234 514 267 in
546 232 657 267 medio
686 232 840 279 paradiso
868 233 1010 280 vigebat.
1040 234 1153 280 Igitur
1180 241 1359 267 creaturae
1386 231 1544 280 propriae
1572 229 1771 276 Dominus,
1798 232 2029 280 benignitatis

359 294 571 330 aliundantia
585 321 592 335 ,
614 292 849 328 misericordia
872 294 1060 336 ineffabili,
1084 293 1258 328 subditam
1280 292 1387 327 morti
1409 300 1574 327 naturam
1594 293 1791 341 corruptela
1811 293 1954 328 liberare
1974 308 2029 330 vo-

358 356 450 395 lens,
468 362 502 388 et
525 353 559 387 in
581 361 728 388 veterem
749 353 953 388 felicitatem
973 354 1167 397 vindicare,
1186 367 1312 401 corpus
1334 353 1398 387 hoc
1421 353 1596 400 suscipere
1617 367 1691 388 non
1712 355 1904 397 recusavit,
1923 355 2028 403 quale

358 424 389 449 ct
422 414 597 449 bominem
619 414 822 448 damnatum
843 415 966 448 babere
991 415 1187 456 constabat,
1209 427 1340 461 nosque
1363 427 1487 447 omnes
1510 412 1570 460 qui
1594 413 1749 448 camdem
1770 414 2030 450 damnationem

356 474 656 523 partieipax'inius,
678 474 770 521 quod
799 474 873 509 sinc
902 475 1009 509 dubio
1037 474 1183 509 mortale
1206 482 1241 507 et
1262 473 1486 520 corruptibile
1509 481 1568 509 est.
1597 473 1669 507 lam
1690 488 1798 521 quum
1820 475 1861 509 sit
1882 489 2006 523 corpus
2021 504 2029 518 ,

358 544 451 570 certe
481 534 807 582 circumseriptione
830 549 899 569 non
926 543 1040 577 caret,
1061 534 1225 583 quamdiu
1255 548 1379 581 corpus
1401 533 1476 569 erit.
1506 532 1642 567 Deinde
1671 535 1883 581 corporalem
1911 550 2029 584 exper-

359 605 414 630 tus
443 604 491 629 est
519 603 685 637 mortem,
709 595 765 629 eui
794 595 974 642 ceteroqui
1004 608 1075 629 non
1103 603 1173 629 erat
1202 594 1395 637 obnoxius,
1419 594 1475 628 sed
1507 593 1665 628 debitum
1693 608 1755 641 pro
1783 595 1880 629 nobis
1908 596 2028 642 solvit3

356 664 393 691 ut
415 657 542 690 saetam
564 655 596 689 in
621 654 754 689 Adam«)
777 655 1107 701 transgressionem,
1129 655 1165 689 in
1188 669 1224 689 se
1246 655 1320 702 ipso
1343 663 1500 700 sanai-ci,
1523 663 1555 689 et
1576 663 1717 689 naturae
1740 655 1907 690 damnum
1936 670 2030 704 repa-

355 731 454 758 rans,
478 716 609 763 lapsum
635 716 814 749 bominem
843 715 1029 760 relevaretg
1054 715 1222 762 quoniam
1249 715 1323 763 ipsc
1345 723 1529 763 peccatum
1549 729 1621 749 non
1645 715 1745 758 fecit,
1768 729 1834 750 nec
1864 716 2028 752 inventus

354 786 403 812 est
431 777 530 811 dolus
558 777 593 810 in
622 790 681 810 ore
709 777 799 812 eius:
826 784 973 810 mortem
1003 775 1195 818 destruxit,
1216 775 1444 822 corruptelam
1473 775 1634 818 abstulit,
1656 790 1736 810 cum
1764 776 1833 824 ipse
1860 776 1905 811 sit
1930 785 2028 812 natu-

352 837 466 871 raliter
486 851 634 884 vereque
662 836 750 879 vita,
773 844 805 869 et
834 835 1099 869 immortalitatis
1121 836 1298 877 scatebra,
1321 836 1478 883 superior
1499 836 1603 870 morti
1625 844 1657 870 et
1679 836 1900 884 corruptioni
1924 838 2027 872 visus.

353 897 444 932 Nam
471 911 547 931 caro
569 897 644 931 eius
667 910 737 930 non
760 896 844 929 vidit
868 895 1125 942 corruptionem
1147 909 1235 944 quac
1256 895 1415 929 videlicet
1435 896 1593 943 absorpta
1614 896 1683 930 suit
1711 896 1746 930 in
1772 897 1972 939 victoriam,
1994 906 2028 931 et

352 972 369 992 a
391 958 515 993 mundi
536 957 664 991 victore
687 956 872 1001 dcbellata3
899 970 977 990 caro
999 965 1114 990 autem
1134 970 1151 990 a
1174 956 1349 1003 superiore
1373 965 1477 1004 atque
1502 956 1742 1005 omnipotente
1764 957 1873 992 Verbi
1894 958 2024 992 virtute

353 1026 551 1053 conservata
574 1026 639 1059 cst,
662 1030 874 1065 quamquam
895 1025 1014 1064 suapte
1036 1025 1161 1050 natura
1185 1016 1405 1064 corruptioni
1427 1025 1514 1051 esset
1535 1017 1683 1051 obnoxia
1708 1019 1769 1065 (1).
1791 1016 1928 1053 Deinde
1951 1026 2026 1066 post

350 1078 507 1112 triduum
529 1077 733 1122 resurrexit3
758 1085 791 1111 et
814 1090 952 1119 omncs,
975 1076 1035 1124 qui
1060 1090 1099 1110 ex
1119 1084 1262 1124 peccato
1285 1076 1320 1110 in
1342 1085 1501 1111 naturam
1521 1076 1759 1111 incubuerant
1780 1087 1895 1113 reatus
1918 1087 2024 1127 atque

349 1138 577 1180 detrimenta,
600 1151 661 1185 per
689 1151 724 1172 se
753 1151 900 1184 purgans
928 1136 1111 1179 abstersit,
1134 1136 1314 1171 inchoatio
1340 1137 1448 1171 veluti
1477 1146 1513 1172 ct
1539 1138 1636 1171 arrha
1661 1138 1773 1172 nostri
1800 1140 1912 1173 sactus
1934 1139 2022 1186 plas-

347 1198 469 1243 matisg
494 1197 709 1245 splendidam
732 1197 777 1231 ita
801 1205 904 1244 atque
931 1197 1025 1231 omni
1056 1196 1299 1231 criminatione
1322 1196 1470 1231 liberam
1498 1205 1691 1232 creaturam
1720 1212 1816 1232 suam
1844 1199 2022 1241 efficiens,

346 1259 451 1307 eiquc
479 1258 606 1304 gloriae
627 1272 706 1292 suae
728 1257 853 1292 decora
880 1257 1039 1304 largiens.
1069 1257 1130 1292 Sic
1158 1258 1250 1292 enim
1273 1266 1305 1292 et
1326 1258 1545 1305 baptizamS,
1567 1267 1720 1292 nostram
1743 1259 1874 1306 peregit
1900 1273 2025 1306 purga-

348 1319 498 1361 tionem,
520 1331 601 1353 eum
628 1318 699 1366 ipse
721 1332 822 1366 supra
850 1331 991 1353 omnem
1019 1318 1236 1353 munditiem
1264 1326 1361 1353 esset.
1390 1318 1429 1352 Id
1450 1327 1567 1353 autem
1596 1319 1679 1353 olim
1707 1333 1848 1367 quoque
1870 1333 1941 1353 non
1965 1319 2024 1353 de-

347 1379 469 1413 fuisset
484 1408 491 1421 ,
515 1380 543 1413 si
572 1387 707 1413 creatus
728 1379 769 1413 ab
790 1379 889 1413 initio
917 1379 1020 1413 homo
1048 1386 1274 1426 praeceptum
1297 1379 1462 1413 creatoris
1485 1379 1708 1414 observasset.
1737 1379 1828 1414 Nam
1849 1394 1958 1428 usque
1979 1380 2022 1414 ad

347 1439 638 1474 immortalitatem
663 1440 920 1487 transitumque
945 1439 985 1474 ad
1012 1439 1176 1481 meliora,
1202 1452 1219 1473 a
1246 1447 1402 1474 creatore
1425 1447 1608 1487 provectus
1632 1439 1766 1475 fuisset.

451 1500 547 1535 llaec
570 1514 631 1534 nos
653 1500 807 1547 magistri
830 1500 940 1535 nostri
962 1500 1100 1535 docent.
1125 1498 1223 1534 Dixit
1247 1499 1339 1534 enim
1360 1499 1548 1548 aliquando
1573 1500 1671 1534 divus
1693 1500 1868 1547 apostolus
1888 1502 1925 1537 *ἢ
1948 1515 2024 1549 pro-

347 1569 465 1609 pterea
494 1561 583 1595 sieut
605 1574 666 1608 per
686 1574 797 1595 unum
818 1561 997 1595 bominem
1020 1568 1205 1608 peccatum
1233 1560 1268 1594 in
1297 1559 1474 1594 mundum
1499 1560 1676 1603 introivit,
1700 1569 1732 1595 et
1753 1574 1814 1608 per
1837 1569 2022 1609 peccatum

346 1636 457 1664 mors,
479 1630 585 1670 atque
615 1622 651 1655 in
681 1636 800 1656 omncs
829 1622 987 1656 homines
1009 1635 1100 1656 mors
1123 1621 1335 1670 pertransiit.
1365 1620 1460 1656 Haec
1488 1622 1714 1670 antiquorum
1737 1622 1839 1656 etiam
1867 1623 2022 1657 nonnul-

346 1682 459 1717 lorum
481 1682 696 1730 sapientibus
719 1682 832 1717 el'l'atis
854 1683 1099 1725 continentur,
1123 1683 1159 1716 in
1182 1682 1310 1730 quibus
1332 1682 1517 1719 scribitur:
1538 1683 1631 1731 quod
1653 1682 1752 1717 Deus
1777 1691 1924 1717 mortem
1947 1697 2020 1718 non

345 1743 485 1784 fecerit,
507 1742 565 1777 sed
589 1742 631 1776 ad
652 1743 914 1777 subsistendum
937 1751 1062 1777 cuncta
1088 1742 1264 1778 creaverit.
1287 1741 1350 1785 Et,
1373 1743 1467 1791 quod
1490 1742 1657 1777 salutares
1681 1742 1751 1776 sint
1773 1742 1899 1776 mundi
1921 1741 2022 1788 origi-

345 1816 427 1845 nes,
451 1816 566 1850 neque
588 1802 636 1836 eis
657 1803 779 1837 mortis
808 1803 1033 1851 pharmacum
1054 1803 1137 1837 insit
1165 1805 1191 1838 ³¹³.
1220 1802 1265 1837 Et
1280 1831 1287 1843 ,
1311 1803 1406 1851 quod
1429 1802 1529 1837 Deus
1552 1802 1733 1837 hominem
1755 1801 1955 1837 condiderit
1976 1801 2019 1835 ad

344 1863 734 1911 incorruptibilitatem,
756 1863 887 1898 invidia
911 1872 1027 1898 autem
1055 1864 1184 1898 diaboli
1211 1877 1303 1898 mors
1327 1864 1362 1898 in
1387 1864 1562 1898 mnndum
1591 1863 1769 1897 intraverit
1795 1864 1821 1897 *ἦ
1850 1861 1911 1896 His
1941 1876 2021 1896 con-

341 1937 424 1958 sona
452 1932 589 1971 patrum
616 1937 752 1971 quoque
782 1924 962 1971 religionis
991 1933 1130 1959 nostrae
1159 1924 1401 1971 magistrorum
1430 1939 1531 1959 voces
1560 1923 1770 1972 praedicant.
1802 1922 1906 1968 Quod
1939 1936 2020 1969 ergo

341 1984 472 2018 maiore
496 1984 760 2019 confirmatione
784 1984 985 2031 indigebat,
1002 1985 1037 2019 id
1059 1999 1182 2033 reapse
1206 1999 1244 2019 ea
1266 1985 1416 2032 potitum
1438 1993 1496 2019 est.
1518 1984 1600 2019 Non
1622 1985 1716 2019 enim
1737 1997 1863 2031 corpus
1886 1991 2020 2030 oporte-

341 2045 397 2079 bat
420 2045 494 2079 lieri
516 2045 781 2092 incorporeum,
801 2054 839 2080 ut
862 2054 951 2080 esset
974 2046 1077 2080 ctiam
1097 2045 1466 2093 incircmnscriptum,
1487 2045 1773 2093 ‹piandoquidem
1795 2057 1864 2078 non
1886 2044 2019 2091 absque

341 2119 482 2152 corpore
504 2106 606 2139 homo
630 2114 768 2140 creatus
790 2106 876 2142 suit:
900 2120 1016 2154 neque
1046 2106 1155 2140 serius
1185 2114 1328 2154 propter
1355 2115 1542 2154 peccatum
1572 2120 1698 2154 corpus
1721 2105 1751 2139 ei
1775 2104 1920 2139 accessit
1947 2105 2020 2151 (2):

340 2166 465 2213 alioqui
493 2181 607 2214 neque
636 2167 737 2201 homo
767 2167 939 2202 extitisset
967 2182 1081 2215 neque
1111 2167 1346 2214 transgressio.
1375 2167 1415 2201 ln
1445 2182 1514 2215 quo
1542 2167 1635 2201 enim
1664 2166 1808 2200 demum
1833 2174 2018 2214 peccatum

339 2235 512 2273 patratum
534 2228 619 2269 suit,
642 2227 707 2261 nisi
733 2228 767 2261 in
791 2228 942 2275 corporis
971 2228 1251 2269 adfectionibus,
1274 2242 1363 2276 quae
1392 2228 1461 2262 iam
1488 2228 1523 2262 in
1551 2228 1666 2276 ipsum
1689 2235 1829 2275 propter
1851 2226 2018 2261 inolitum

340 2296 525 2334 peccatum
548 2288 776 2323 introierant?
801 2288 915 2335 igitur
935 2297 1123 2323 renovatur
1146 2289 1181 2322 in
1206 2288 1350 2323 Christo
1374 2297 1497 2323 natura
1521 2297 1555 2323 et
1577 2287 1737 2324 salvatur.
1763 2286 1805 2322 Et
1828 2287 1921 2335 quod
1944 2301 2018 2321 cor-

338 2361 404 2395 pus
427 2347 525 2381 Deus
547 2348 757 2396 adsumpsit,
779 2349 964 2384 deificatur
986 2358 1114 2391 totum,
1136 2350 1171 2383 in
1195 2349 1319 2384 melius
1343 2358 1611 2384 transmutatum
1625 2377 1633 2391 ,
1654 2357 1687 2383 et
1710 2347 1944 2382 ineffabilibus
1966 2361 2018 2381 or-

338 2408 511 2441 namentis
540 2417 767 2455 eoronatum;
790 2424 827 2443 ac
851 2410 1002 2457 spiritale
1032 2410 1198 2457 deinceps
1227 2418 1318 2452 erat,
1340 2419 1442 2458 atque
1465 2423 1606 2444 omnem
1630 2422 1838 2456 exsuperans
1859 2407 2016 2442 materia-

338 2467 404 2501 lem
428 2476 675 2517 terrenamque
699 2470 897 2506 crassitiem.
919 2470 1044 2519 Neque
1067 2470 1200 2505 idcirco
1223 2485 1347 2519 corpus
1371 2485 1442 2505 esse
1464 2471 1590 2512 desiit,
1612 2470 1671 2504 sed
1699 2482 1824 2516 corpus
1845 2482 1916 2503 esse
1938 2482 2015 2516 per-

338 2528 501 2563 severavit
517 2557 524 2570 ,
547 2529 761 2563 cuicuimodi
791 2530 933 2565 demum
954 2531 989 2565 id
1012 2540 1081 2574 est,
1105 2540 1139 2566 ct
1167 2540 1261 2566 certe
1292 2531 1604 2578 circumscriptum.
1634 2529 1717 2564 Non
1743 2529 1836 2563 enim
1863 2528 2014 2563 exterius

336 2588 495 2636 provenit
523 2603 638 2637 neque
667 2604 706 2624 ex
734 2600 878 2638 peccato
909 2592 1208 2640 circumscriptio,
1231 2592 1406 2640 quomodo
1435 2591 1634 2639 corruptela
1663 2599 1695 2625 et
1724 2590 1808 2624 aliae
1838 2590 2013 2637 passiones

336 2649 601 2691 subintrarunt,
629 2650 689 2684 sed
718 2664 755 2684 ea
783 2652 932 2699 corporis
961 2661 1011 2686 est
1039 2652 1225 2700 indigena,
1252 2662 1354 2701 atque
1383 2660 1422 2686 ut
1449 2652 1495 2686 ita
1524 2650 1640 2685 dicam
1667 2651 1751 2684 haec
1782 2658 1833 2684 est
1861 2650 2013 2698 corporis

414 2757 448 2784 (1)
470 2755 527 2780 Hoc
547 2753 649 2780 dieitur
667 2753 795 2781 adversus
815 2755 948 2782 haeresim
970 2757 1255 2791 1nvorruptieotarum.

415 2801 449 2829 (2)
471 2798 583 2824 Animas
602 2798 636 2825 ob
657 2799 744 2832 priora
765 2804 888 2834 peecata,
909 2800 938 2826 iu
957 2809 1068 2835 corpora
1088 2802 1191 2828 inmitti
1211 2805 1237 2828 et
1255 2799 1458 2836 quodaminodo
1479 2800 1609 2835 relegari,
1630 2807 1696 2827 sana
1717 2798 1900 2834 quorumdam
1921 2799 2013 2834 pbilo-

336 2841 481 2875 sophorum
502 2842 593 2877 opinio
614 2842 675 2869 suit.
