2203 3331
662 179 824 201 ADVERSUS
850 177 1092 201 cossraxnxrn
1117 177 1349 199 ‹torlioxxtin'in
1778 165 1788 196 1
1799 165 1814 196 t
1822 164 1841 194 3

171 241 359 288 ligionem,
389 238 496 272 urbes
524 244 625 284 atque
654 235 857 283 provinciae
894 233 1094 269 clamabunt
1114 261 1121 274 7
1150 246 1238 279 quae
1274 241 1359 267 tune
1390 233 1425 266 in
1456 233 1642 267 Persarum
1675 239 1840 279 potestate

170 309 269 336 erant
286 329 294 343 2
322 299 382 333 sed
410 297 479 332 fide
509 297 603 332 illius
630 311 667 331 ac
696 296 872 330 laboribus
899 293 1056 342 plurimis
1084 300 1305 340 recuperatae
1334 302 1439 334 sunt.
1470 292 1707 340 Romanisque
1738 291 1840 325 saluti

171 364 323 397 suerunt.
353 358 422 393 Has
452 358 547 393 enim
570 357 704 392 incuria
726 365 759 390 et
782 355 914 403 ignavia
944 354 1168 402 superiorum
1197 353 1447 400 imperatorum
1462 382 1469 391 .
1493 353 1598 387 immo
1620 353 1735 400 potius
1757 352 1843 386 mul-

173 432 288 457 torum
316 429 480 468 peccata,
502 418 661 453 hostibus
689 416 925 465 prodiderant.
956 414 1118 463 Spatium
1146 413 1289 462 quidem
1318 414 1418 457 regni
1446 414 1519 448 eius
1549 414 1764 460 trigesimum
1791 427 1844 448 su-

173 483 305 532 peravit
333 479 599 522 aiiiiun'1‚x·itae
629 486 744 512 autem
771 477 953 511 universae
984 484 1120 522 tempus
1150 474 1257 522 duplo
1289 474 1408 509 maius.
1438 473 1552 521 Atque
1576 474 1620 508 ita
1644 483 1718 509 tum
1745 489 1844 522 supe-

173 545 303 581 riores,
328 552 404 577 tuin
433 542 536 577 etiam
563 539 742 575 subsecuti
771 539 990 586 imperatores
1012 552 1049 571 ac
1071 536 1247 584 principes
1277 536 1403 584 pietate
1425 535 1599 572 illustres,
1624 545 1656 570 et
1681 535 1843 570 vixerunt

173 614 206 640 et
235 619 286 639 res
316 619 394 639 snas
423 602 719 638 administrarunt.
749 598 847 644 Quid
868 599 909 633 ad
930 599 1012 633 hacc
1033 598 1108 634 ais?
1131 598 1278 632 ubinam
1299 596 1453 643 magistri
1475 596 1527 631 tui
1556 611 1606 630 res
1636 598 1774 643 gestae?
1805 597 1845 630 Si

173 666 323 701 volueris·
345 679 433 713 quae
455 672 494 698 tu
517 663 553 697 in
576 676 614 696 eo
637 660 772 696 miraris
795 673 877 694 cum
898 659 1048 694 historiis
1069 672 1263 706 comparare
1278 687 1285 701 .
1307 657 1392 706 quid
1421 658 1506 692 fiet?
1533 666 1628 703 gutta
1648 671 1730 705 prae
1752 671 1845 692 ocea-

175 742 243 762 no.
270 742 358 775 quae
385 735 421 760 tu
447 726 552 759 iactas
577 737 654 771 prae
680 722 744 756 illis
769 721 1039 769 reputabuntur.

279 791 335 823 82.
364 787 532 820 Attamen
556 784 603 818 illi
624 782 770 831 quidem
791 796 905 830 neque
928 781 1011 815 duni
1034 795 1194 829 prospere
1215 788 1377 827 agerent,
1399 779 1612 826 evangelicae
1633 788 1768 813 nosti-:ie
1789 779 1847 813 do-

173 849 308 884 ctrinae
330 845 476 894 depictis
499 844 649 879 historiis
672 843 799 878 insi-nsi
821 844 988 885 suerunt,
1011 856 1127 890 neque
1157 842 1295 876 adversa
1319 843 1465 876 fortuna
1487 849 1625 875 utentes
1654 853 1773 874 manus
1801 854 1847 874 sa-

175 911 242 945 cris
272 899 478 955 imaginibus
506 905 729 941 adtulerunt:
752 918 833 938 nam
854 918 969 952 neque
993 903 1271 938 Christianorum
1298 902 1507 948 religionem
1532 901 1770 949 praesentium
1791 915 1848 935 ne-

174 970 346 1016 gotiorum
372 967 489 1002 cursui
513 966 766 1014 comparabant.
788 964 886 999 Nihil
907 964 999 999 enim
1021 964 1141 998 stabile
1161 978 1200 998 ac
1223 964 1360 998 firmum
1381 963 1488 997 vitam
1509 963 1599 996 lianc
1622 961 1746 996 habere
1769 975 1849 995 con-

175 1038 259 1071 stat,
282 1028 340 1063 sed
365 1042 421 1063 sus
443 1027 557 1076 deque
587 1027 762 1068 converti.
786 1034 817 1060 et
846 1039 1040 1073 numquam
1061 1025 1098 1059 in
1121 1025 1240 1059 eodem
1269 1032 1359 1058 statu
1390 1037 1528 1058 manere
1543 1051 1551 1058 .
1573 1031 1607 1057 et
1635 1021 1736 1057 modo
1758 1021 1847 1056 benc

175 1104 248 1125 rem
276 1090 367 1136 geri.
391 1089 492 1124 modo
515 1089 551 1122 in
573 1087 790 1122 eontrarium
812 1101 972 1133 vergere:
999 1086 1113 1121 donec
1141 1085 1332 1133 apostasiae
1357 1093 1494 1132 tempus
1516 1083 1737 1132 supervenit.v
1761 1091 1794 1117 et
1817 1083 1849 1116 lii

174 1164 281 1199 purae
310 1158 446 1185 nostrae
476 1149 557 1184 fidei
587 1149 852 1183 calumniatores
874 1156 908 1182 ct
930 1156 1125 1195 apostatae.
1150 1161 1213 1181 ceu
1234 1147 1329 1181 ferae
1352 1146 1521 1194 quaedam
1546 1145 1581 1181 in
1612 1143 1741 1179 Christi
1763 1144 1849 1178 ovile

176 1212 421 1246 incurrentes.
443 1210 616 1258 quicquid
646 1210 742 1258 pium
763 1218 811 1243 est
832 1217 1087 1256 corruperunt,
1109 1207 1361 1243 vetustissimas
1391 1216 1530 1241 sanctae
1558 1206 1720 1241 ecclesiae
1743 1219 1780 1239 ac
1803 1205 1852 1239 di-

176 1272 271 1306 vinas
301 1272 520 1306 definitiones
541 1280 642 1318 atque
665 1270 806 1304 decreta
836 1269 954 1304 illicite
978 1269 1152 1317 impieque
1176 1277 1314 1316 propter
1342 1276 1486 1315 peccata
1510 1275 1629 1301 nostra
1653 1266 1853 1300 subverten-

180 1342 226 1367 tes
241 1361 249 1368 .
271 1333 445 1367 iudiciuin
472 1345 595 1367 suum.
618 1330 670 1365 vel
693 1331 808 1378 potius
831 1329 1111 1377 turpitudinem²
1134 1328 1202 1363 Dei
1225 1329 1355 1363 iudicio
1381 1336 1642 1377 praevertenteS.
1672 1326 1783 1375 Atqui
1813 1336 1851 1361 tu

177 1393 323 1441 quidem
352 1393 431 1426 fidei
461 1401 602 1427 nostrae
633 1392 826 1438 explorator
856 1390 1005 1425 infidelis
1035 1399 1068 1425 et
1098 1390 1269 1438 reprobus
1301 1398 1499 1437 compertus
1530 1403 1572 1425 es.
1602 1388 1728 1436 Neque
1758 1390 1853 1422 enim

176 1467 319 1488 examen
349 1453 384 1487 in
412 1453 579 1500 religione
610 1452 807 1500 exquiritur
832 1452 919 1497 (boc
949 1451 1043 1486 enim
1071 1451 1322 1486 incredulitatis
1345 1450 1505 1485 officium
1532 1452 1604 1495 est)
1630 1449 1689 1484 scd
1719 1449 1852 1484 animae

175 1514 402 1562 simplicitas,
434 1522 467 1548 et
496 1527 602 1561 purae
631 1513 758 1547 mentis
786 1512 985 1547 incuriosus
1014 1513 1180 1547 adsensus
1212 1514 1274 1558 (ι).
1303 1510 1403 1546 Hanc
1432 1511 1525 1545 enini
1555 1524 1628 1544 esse
1658 1509 1770 1545 fidelis
1796 1510 1854 1544 ho-

178 1575 282 1609 minis
310 1575 498 1621 genuinam
527 1583 667 1616 notam,
690 1573 1002 1621 exploratissimum
1032 1582 1089 1609 est.
1118 1572 1192 1608 Nos
1221 1581 1337 1607 autem
1362 1571 1607 1606 infidelitatem
1632 1585 1753 1606 revera
1776 1585 1855 1605 con-

175 1636 387 1672 siderantes.
411 1645 443 1670 et
464 1650 585 1675 rerum
606 1635 789 1670 eventibus
817 1643 972 1669 mentem
999 1634 1244 1675 intendentes,
1267 1642 1343 1668 tuto
1366 1633 1516 1668 veritatis
1539 1633 1683 1667 criterio
1707 1632 1785 1667 freti
1806 1632 1856 1666 (li-

177 1698 308 1734 cimus,
339 1698 381 1731 ob
410 1706 553 1732 tuorum
580 1696 823 1743 magistrorum
851 1696 1089 1743 impietatem,
1119 1704 1220 1743 atque
1251 1695 1285 1729 in
1318 1694 1448 1729 Christi
1478 1693 1660 1729 ecclesiam
1688 1693 1854 1731 iniurias.

177 1758 371 1806 provincias
399 1758 584 1806 plurimas,
608 1758 779 1805 urbesque
808 1770 947 1803 magnas
972 1771 1010 1792 ac
1034 1766 1173 1804 gentes,
1196 1770 1284 1805 quae
1313 1756 1395 1791 fidei
1425 1764 1561 1790 nostrae
1583 1755 1748 1803 pietatem
1777 1768 1856 1789 con-

179 1828 423 1861 servaverunt.
453 1827 556 1867 atque
585 1819 621 1852 in
650 1819 702 1852 liis
730 1819 951 1866 potissimum
979 1832 1088 1866 prope
1118 1818 1339 1853 occidentem
1367 1817 1474 1852 solem
1502 1816 1681 1857 nationes,
1710 1829 1728 1850 a
1756 1815 1855 1849 nobis

178 1881 386 1915 defecerunt
410 1884 481 1922 (2):
502 1881 574 1928 quo
595 1881 727 1914 factum
748 1888 817 1922 cst.
840 1889 880 1915 ut
902 1879 1037 1914 iamdiu
1059 1881 1150 1915 facta
1171 1879 1342 1914 divisione
1357 1908 1364 1916 .
1387 1892 1571 1913 romanum
1591 1878 1779 1926 imperium
1801 1878 1856 1912 de-

178 1941 355 1975 bilitatum
381 1942 425 1976 sit
449 1950 552 1989 atque
578 1941 814 1977 imminutum.

284 2003 340 2037 83.
368 2002 504 2036 Multae
533 2002 637 2048 igitur
666 2002 849 2037 hominum
872 2011 957 2047 tunc
979 2002 1169 2037 xirentinin
1194 2002 1330 2036 animae
1354 2015 1468 2035 errore
1495 2001 1660 2048 deceptae
1683 2009 1717 2034 et
1740 2014 1855 2035 corru-

179 2071 254 2109 ptae
277 2076 358 2096 cuin
387 2062 537 2103 fuerint.
561 2076 657 2097 nunc
683 2071 823 2097 aeterna
852 2062 1072 2097 damnatione
1102 2071 1279 2097 tenentur.
1309 2060 1391 2095 Tibi
1420 2075 1500 2095 vero
1530 2061 1579 2108 (3)
1607 2068 1759 2108 prostant
1786 2059 1856 2094 illo-

182 2137 280 2158 rum.
307 2123 366 2170 qui
398 2123 563 2157 incolumi
592 2123 720 2171 pietate
749 2133 961 2171 regnarunt.
991 2138 1096 2171 opera
1126 2133 1159 2158 et
1189 2123 1431 2171 prosperitates
1461 2131 1495 2156 et
1524 2122 1629 2157 anni:
1656 2122 1683 2156 si
1713 2120 1856 2170 quidem

183 2183 247 2217 tibi
274 2183 358 2217 fides
387 2184 421 2217 in
449 2184 502 2218 his
531 2184 672 2218 evidens
700 2185 863 2231 magistra
893 2193 964 2221 est:
988 2186 1074 2219 haec
1104 2193 1136 2219 te
1165 2199 1225 2232 per
1252 2197 1390 2218 omnem
1418 2184 1506 2217 viam
1536 2183 1723 2217 salutarem
1751 2182 1856 2216 dedu-

182 2252 281 2279 cent.
304 2245 331 2278 si
353 2253 448 2279 certe
477 2245 613 2279 animae
637 2245 725 2279 salus
754 2246 817 2279 tibi
839 2246 933 2280 cordi
963 2255 1022 2281 est.
1052 2245 1186 2280 Horum
1209 2245 1380 2279 aemulare
1409 2245 1533 2287 fidem,
1557 2258 1614 2291 spe
1640 2257 1719 2290 erga
1740 2242 1856 2277 Deum

180 2307 305 2347 fretus.
332 2306 473 2353 piosque
503 2315 533 2340 et
563 2306 706 2354 optimos
735 2315 831 2341 actus
860 2321 999 2349 exsere,
1024 2307 1221 2354 praesentia
1249 2306 1410 2353 despice,
1439 2305 1479 2339 ad
1508 2306 1625 2339 futura
1655 2304 1854 2346 contende,

180 2366 365 2414 Deumque
389 2382 536 2415 operum
566 2377 709 2416 expecta
731 2368 962 2403 iustissimum
982 2369 1159 2414 iudicemg
1186 2383 1230 2403 ne
1253 2367 1441 2402 mundanis
1469 2375 1604 2402 tantum
1632 2367 1736 2401 rebus
1761 2366 1856 2401 dedi-

179 2435 257 2469 tus,
280 2442 348 2462 una
379 2442 460 2463 cum
488 2429 529 2463 iis
558 2429 619 2477 qui
646 2429 732 2463 haec
761 2429 941 2476 ignorant,
963 2429 999 2463 in
1028 2429 1085 2463 illo
1114 2429 1314 2463 inexorabili
1342 2428 1599 2476 tremendoque
1626 2427 1779 2470 iudicio,
1803 2441 1856 2474 ge-

179 2488 315 2523 hennae
343 2489 487 2523 tradaris
514 2489 551 2524 in
582 2499 792 2537 perpetuum
819 2489 1046 2537 plectendus:
1071 2490 1132 2524 ubi
1160 2503 1263 2524 nemo
1288 2498 1335 2523 est
1360 2503 1419 2524 rex
1447 2497 1506 2523 aut
1533 2489 1659 2533 idiota.
1683 2488 1776 2522 dives
1797 2496 1853 2522 aut

179 2563 331 2597 pauper,
354 2550 486 2585 amicus
514 2559 573 2585 aut
603 2559 790 2597 cognatus,
813 2549 872 2598 qui
894 2549 992 2584 alteri
1018 2564 1118 2598 opem
1139 2551 1230 2585 serre
1252 2559 1363 2598 queat.
1392 2549 1644 2598 Unusquisque
1667 2549 1764 2584 enim
1784 2550 1854 2583 suis

259 2689 293 2717 (l)
315 2687 352 2712 De
373 2686 422 2712 hac
441 2685 503 2713 fidei
523 2686 689 2713 christianae
709 2685 868 2713 definitione
887 2695 919 2713 at·
940 2691 1034 2713 natura
1055 2686 1175 2713 diximus
1195 2695 1220 2721 p.
1242 2690 1284 2713 Μὶ.
1306 2687 1369 2713 adn.
1395 2691 1417 2713 1.

258 2731 290 2759 ἃ
313 2730 380 2756 Rem
399 2735 492 2757 narrat
511 2731 582 2757 inter
602 2736 703 2757 ceteros
722 2732 842 2757 Zonaras
861 2731 909 2757 lib.
931 2732 990 2757 ΧΥ.
1012 2735 1045 2760 4.
1066 2740 1166 2766 nempe
1186 2731 1259 2766 quod
1283 2732 1418 2762 Romani.¹
1441 2731 1568 2765 pontifice
1589 2730 1721 2763 Gregorio
1744 2728 1818 2759 5111·
1832 2738 1854 2756 ,3

181 2776 288 2806 propter
306 2781 416 2800 causam
435 2782 471 2801 ss.
491 2774 644 2809 imaginum
665 2784 679 2801 a
699 2775 812 2801 Graecis
831 2774 865 2801 ad
885 2775 1004 2801 Francos
1024 2775 1181 2802 defecerint.

260 2819 294 2847 ³3)
313 2817 392 2843 Nune
416 2817 574 2852 adloquitur
596 2819 747 2853 generatim
772 2818 813 2845 sui
839 2820 967 2853 temporis
990 2819 1186 2846 iconomachos
1210 2820 1397 2854 Nic-ephorus:
1423 2820 1464 2845 rel
1488 2820 1594 2853 ipsum.
1622 2817 1702 2843 tacito
1726 2816 1854 2844 nomine.

179 2861 296 2887 [eonem
319 2862 471 2889 armenium
492 2864 556 2898 imp.
578 2863 719 2890 haereseos
738 2864 959 2891 instauratorem,

1717 2916 1748 2939 19
