2203 3331
769 175 832 198 rizo
857 173 986 198 sanxeris
1012 173 1214 196 numanus.
1765 162 1787 193 2
1796 160 1805 193 l
1815 160 1834 193 9

151 235 255 271 nobis
278 231 466 269 adversarii
486 239 563 266 tum
585 230 699 265 nostri
721 239 798 265 tum
817 230 994 271 veritatis,
1015 236 1154 275 tempus
1175 227 1270 262 aliud
1285 256 1292 264 .
1317 237 1349 263 et
1371 229 1439 263 hoc
1467 227 1671 276 prophetico
1694 225 1835 260 oraculo

152 296 344 345 posterius,
372 301 407 328 et
433 292 556 327 foedus
583 291 680 327 aliud
708 291 916 336 ostendant3
942 303 1012 338 quo
1040 289 1155 330 facto,
1182 301 1246 322 nos
1274 289 1475 324 tacebimus.
1505 287 1576 322 Sed
1604 286 1771 336 quamdiu
1800 286 1835 321 id

152 358 392 392 demonstrare
420 361 610 402 nequeunt
641 357 783 401 (neque
811 365 894 386 sane
925 362 1092 398 umquam
1122 350 1312 396 poterunt)
1345 349 1517 383 sententia
1546 357 1664 383 nostra
1692 356 1779 390 stet,
1801 356 1835 381 et

150 416 308 452 veritatis
329 415 489 450 doctrina
511 428 586 449 sese
609 413 769 448 alacriter
796 412 941 447 attollat.
968 410 1105 445 Domus
1125 423 1210 444 vero
1234 409 1392 443 israhelis
1416 418 1520 458 atque
1542 409 1670 451 Iudae,
1693 409 1836 457 quinam

149 478 206 513 alii
235 485 360 519 erunt,
389 489 496 525 quam
524 475 586 523 qui
613 483 732 509 mente
766 473 951 522 purissima
980 471 1096 505 Deum
1128 469 1328 517 pervidere,
1359 479 1534 518 quantum
1567 470 1701 504 homini
1728 468 1833 510 lieet,

149 545 339 586 poterunt,
362 546 395 572 et
423 549 503 571 cum
530 549 620 583 pura
648 535 855 581 sinceraque
884 532 966 567 fidei
994 530 1215 566 confessione
1245 529 1286 564 ad
1316 543 1397 564 eum
1421 530 1590 564 accedere
1603 531 1618 566 ζ’
1648 529 1709 564 Sic
1740 529 1835 564 enim

148 598 289 647 proprie
313 597 445 632 Israhel
472 605 578 644 atque
600 594 707 630 Iudas
728 593 1032 640 designabuntur3
1056 591 1191 625 etiamsi
1218 590 1403 625 hominum
1425 590 1531 624 nudis
1560 599 1695 624 tantum
1723 589 1835 638 appel—

148 658 342 693 lationibus
362 657 613 698 addictorum,
635 656 701 690 hoe
722 654 798 689 loco
820 666 932 688 sermo
957 653 1041 687 feeit
1068 647 1306 692 mentionem,
1329 664 1373 684 ne
1395 651 1484 684 sorte
1508 650 1755 698 promissiones
1777 664 1832 697 pa-

150 720 266 754 tribus
294 719 405 753 sactae
435 716 606 752 excidisse
633 715 837 750 viderentur
865 714 907 748 iis
934 713 995 762 qui
1022 713 1137 748 adhuc
1168 711 1321 747 carnales
1350 720 1469 748 erant,
1498 719 1531 745 et
1559 710 1832 745 circumcisionis

148 779 390 825 gloriabantur
417 786 554 813 tessera.
584 775 686 810 Sicut
713 775 816 810 etiam
844 774 1011 809 Servator
1038 773 1244 822 phoenissae
1271 772 1410 807 mulieri
1438 770 1527 806 dixit
1550 773 1586 807 ξε
1608 778 1631 792 “
1654 786 1725 806 non
1755 784 1831 805 sum

152 868 174 883 ‚,
203 841 332 875 missus
359 839 431 874 nisi
457 837 501 872 ad
529 851 608 872 oves
637 850 726 885 quae
754 836 938 884 perierunt
965 835 1088 870 domus
1118 833 1288 868 Israhelis.
1312 861 1334 875 „
1361 832 1504 878 Quibus
1531 832 1830 874 detrectantibus,

148 909 265 949 postea
291 901 335 935 ad
360 908 505 947 genteS,
527 898 570 933 ad
595 911 683 946 quas
706 906 842 946 patrum
865 896 1048 945 promissio
1073 904 1107 931 et
1130 894 1330 930 benedictio
1356 894 1555 942 spectabat,
1579 892 1727 927 transiit.

250 960 344 1003 Sed,
367 960 395 995 si
421 959 555 1008 placet,
576 972 697 994 rursus
724 958 806 993 novi
833 957 985 993 foederis
1012 956 1193 999 minister,
1216 955 1279 1003 qui
1303 954 1436 989 Christi
1457 967 1587 988 nomen
1612 966 1728 988 coram
1750 967 1832 999 gen-

148 1022 244 1057 tibus
270 1022 483 1069 regibusque
504 1020 604 1063 tulit,
626 1020 755 1068 quique
778 1019 913 1067 egregie
936 1018 1062 1067 oppido
1086 1026 1120 1052 et
1141 1016 1341 1064 tempestive
1371 1023 1403 1050 et
1426 1029 1466 1050 ex
1487 1015 1536 1049 rei
1563 1028 1654 1057 usu,
1676 1014 1726 1048 liis
1750 1014 1832 1061 ipsis

146 1082 317 1125 oraculis,
339 1082 425 1117 (lum
454 1082 495 1116 ad
524 1080 702 1116 Hebraeos
730 1081 921 1123 scriberet,
944 1079 986 1114 ad
1014 1079 1168 1114 litteram
1196 1091 1282 1112 usus
1312 1085 1383 1121 estg
1409 1076 1436 1110 is
1464 1075 1606 1124 inquam
1628 1089 1726 1109 nunc
1748 1089 1833 1122 quo-

146 1158 216 1192 que
245 1142 545 1192 opportunissime
565 1142 770 1184 invocetur,
792 1150 898 1190 atque
921 1141 956 1175 in
979 1139 1135 1174 medium
1156 1138 1374 1180 adducatur,
1396 1137 1482 1189 dum
1510 1136 1697 1184 utriusque
1719 1135 1832 1170 foede-

146 1204 195 1238 ris·
223 1205 292 1239 vim
321 1204 417 1238 inter
443 1218 478 1238 se
508 1211 683 1251 comparat
710 1210 743 1237 et
770 1202 961 1244 diiudicat,
986 1201 1110 1235 dicens
1133 1201 1168 1235 *ε
1193 1206 1215 1220 “
1240 1212 1321 1234 nam
1349 1198 1378 1233 si
1406 1198 1504 1246 prius
1533 1197 1619 1232 illud
1651 1197 1750 1244 culpa
1778 1211 1832 1231 va-

149 1293 171 1305 „
201 1273 332 1307 casset,
358 1278 430 1298 non
458 1264 584 1312 utique
611 1262 761 1298 secundi
788 1262 887 1297 locus
916 1261 1168 1309 inquireretur.
1194 1288 1216 1302 „
1242 1258 1338 1305 Quid
1366 1259 1403 1293 ni
1430 1272 1512 1292 vero
1543 1257 1714 1305 culpabile
1742 1257 1829 1291 illud

145 1325 267 1372 prius?
295 1324 397 1373 quia,
419 1324 535 1372 inquit
560 1326 598 1367 ξ,
620 1324 706 1358 nihil
734 1323 776 1358 ad
805 1323 1005 1372 perfectum
1033 1321 1177 1355 adduxit
1197 1320 1269 1355 lex:
1295 1319 1512 1354 introductio
1537 1320 1555 1338 ἒ
1576 1332 1656 1353 vero
1679 1318 1830 1353 melioris

144 1386 237 1434 spei,
259 1400 321 1433 per
342 1398 447 1434 quam
468 1385 703 1433 proximamus
725 1384 765 1419 ad
787 1383 917 1419 Deum.
941 1382 1058 1429 Igitur
1081 1381 1238 1416 secundo
1259 1381 1420 1423 foedere,
1445 1388 1477 1414 et
1500 1379 1643 1428 quidem
1665 1379 1829 1420 meliore,

145 1460 230 1494 opus
258 1446 348 1489 suit3
376 1446 480 1480 cuius
508 1445 698 1494 praecipua
725 1444 860 1480 utilitas
882 1452 915 1478 et
939 1443 1126 1478 necessitas
1149 1450 1201 1476 est
1222 1441 1264 1476 ad
1288 1441 1490 1476 salvandum
1510 1441 1710 1482 hominem,
1734 1448 1767 1474 et
1794 1439 1831 1473 il—

144 1506 218 1541 linn
246 1505 509 1540 iustificandum
537 1506 598 1554 qui
628 1518 710 1540 cuin
730 1504 797 1540 fide
825 1503 982 1545 accedit,
1004 1511 1039 1537 et
1065 1511 1226 1537 veterum
1252 1502 1462 1536 delictorum
1490 1500 1691 1536 donandam
1712 1514 1832 1534 emun-

143 1567 334 1602 dationem.
355 1566 437 1602 Erat
457 1575 576 1601 autem
596 1567 682 1601 haec
704 1565 922 1612 evangelicae
943 1563 1170 1611 legislationis
1189 1577 1303 1611 nuper
1324 1563 1434 1609 gratia
1459 1562 1692 1597 efflorescens.
1715 1560 1828 1595 Porro

145 1642 268 1663 rerum
287 1628 340 1663 his
361 1627 684 1663 intervenientium
703 1635 834 1675 quanta
856 1634 907 1660 est
927 1625 1125 1660 diversitas!
1151 1624 1227 1659 lllic
1249 1624 1343 1659 enim
1367 1623 1560 1658 sacerdotes
1580 1637 1726 1658 munera
1749 1624 1831 1657 osse-

144 1690 292 1732 rebant,
315 1697 549 1737 cruentasque
574 1703 637 1736 pro
667 1703 701 1723 se
729 1688 811 1736 ipsis
840 1695 874 1722 et
900 1701 964 1735 pro
986 1685 1192 1734 ignorantiis
1220 1684 1340 1733 populi
1368 1684 1656 1732 x·ieti1nas,quae
1686 1692 1829 1732 peccata

143 1750 260 1785 dolere
282 1751 501 1798 nequibantg
525 1763 677 1797 namque
699 1748 737 1783 in
760 1747 915 1796 exemplo
937 1747 1052 1782 adhue
1075 1755 1109 1781 et
1130 1746 1265 1781 umbris
1286 1746 1531 1781 ministrabant
1552 1746 1756 1780 caelestium
1779 1760 1829 1779 re-

145 1824 244 1853 rum,
266 1811 371 1845 sicuti
392 1809 514 1858 'Moysi
536 1809 722 1845 oraculum
742 1809 810 1844 suit
832 1808 975 1844 editum.
1004 1807 1093 1842 Heio
1120 1815 1238 1842 autem
1259 1806 1435 1841 diversum
1459 1806 1696 1841 ministerium
1724 1806 1829 1839 inter-

142 1871 259 1914 venit,
281 1880 386 1919 atquc
409 1870 731 1919 incomparabiliter
751 1869 895 1912 melius,
918 1877 1016 1904 tanto
1038 1869 1242 1903 melioribus
1267 1881 1345 1902 euin
1366 1867 1676 1915 promissionibus,
1697 1875 1827 1914 quanto

141 1932 184 1966 ab
211 1932 334 1966 umbra
360 1932 487 1966 veritas
516 1931 628 1966 distat.
657 1930 802 1965 Etenim
828 1939 950 1965 noster
976 1929 1152 1978 pontifex,
1175 1937 1300 1965 auctor
1323 1928 1567 1976 apostolusque
1598 1927 1826 1962 confessionis

142 2001 278 2027 nostrae
303 1991 464 2027 Christus
486 1991 585 2026 Deus
611 2000 754 2034 noster,
776 1991 885 2026 semel
911 2005 974 2039 pro
1001 1991 1233 2039 peccantium
1258 1989 1368 2024 salute
1397 2003 1432 2024 se
1460 1989 1577 2037 ipsum
1601 1989 1755 2023 offerens
1780 2002 1828 2022 sa-

142 2053 338 2088 crificatum
365 2052 657 2100 immolatumque
679 2052 716 2086 in
739 2065 865 2095 carne,
886 2060 1006 2087 manet
1027 2051 1061 2085 in
1084 2060 1266 2086 aeternum
1293 2050 1472 2098 pontifex,
1495 2050 1664 2098 sedetque
1687 2049 1731 2084 ad
1756 2048 1825 2083 Dei

142 2114 340 2158 dexteramg
358 2113 524 2161 deinceps
545 2122 735 2161 expectans
748 2141 755 2155 ,
774 2113 889 2148 donec
907 2121 1087 2161 ponantur
1104 2112 1241 2146 inimici
1258 2112 1331 2146 eius
1350 2111 1539 2146 scabellum
1556 2110 1687 2158 pedum
1704 2110 1824 2158 ipsius,

142 2174 262 2209 [nica
284 2174 379 2209 enim
406 2174 579 2209 oblatione
609 2174 757 2222 perfecit
777 2173 814 2208 in
840 2181 1054 2222 perpetuum
1081 2172 1328 2207 sanctificatos.
1356 2171 1474 2206 Testis
1503 2186 1606 2220 porro
1630 2171 1753 2213 nobis,
1776 2170 1826 2204 in-

142 2237 239 2284 quit,
265 2234 424 2283 Spiritus
449 2243 603 2270 sanctus.

248 2295 319 2331 Sed
339 2296 376 2330 hi
397 2296 530 2344 impuri
550 2304 653 2344 atque
674 2296 833 2343 profani,
857 2294 1011 2344 Spiritus
1040 2294 1180 2330 oracula
1206 2295 1329 2330 audire
1350 2308 1423 2329 non
1444 2294 1643 2336 sustinent,
1664 2293 1825 2328 multam-

142 2371 210 2406 que
239 2357 502 2392 immunditiam
522 2365 625 2405 atque
647 2357 816 2392 foetorem
837 2371 877 2391 ex
897 2356 1130 2392 abominando
1154 2356 1258 2391 corde
1280 2370 1341 2391 suo
1365 2364 1585 2398 eructantes,
1606 2355 1743 2390 veritati
1769 2368 1825 2389 oc-

142 2426 285 2453 centant
302 2447 310 2461 ,
340 2432 385 2453 ne
417 2417 603 2453 Christum
629 2417 776 2466 quidem
803 2417 994 2466 quicquam
1020 2417 1231 2466 perfecisse,
1258 2431 1373 2465 neque
1404 2430 1461 2451 eos
1489 2430 1562 2451 esse
1589 2416 1823 2451 sanctificatos

141 2479 200 2526 qui
222 2478 330 2525 gratia
352 2478 452 2525 digni
472 2479 631 2513 suerunt.
656 2477 716 2513 Sic
736 2491 819 2512 sane
840 2478 1016 2521 iudicent,
1035 2487 1070 2513 et
1090 2478 1232 2526 quidem
1251 2477 1442 2521 admodum
1459 2486 1573 2520 reete,
1591 2477 1675 2511 dum
1698 2490 1738 2511 ex
1759 2490 1822 2511 suo

140 2539 278 2588 impuro
305 2539 432 2588 spiritu
462 2539 681 2587 eloquuntur
703 2545 726 2560 ‘²
750 2553 824 2573 non
849 2538 945 2574 iuxta
971 2539 1092 2574 foedus
1119 2539 1213 2587 quod
1241 2538 1357 2587 pepigi
1382 2551 1464 2573 cum
1489 2538 1627 2573 illorum
1647 2537 1820 2586 patribus,

143 2627 166 2641 „
194 2614 265 2647 quo
293 2608 451 2648 tempore
479 2614 585 2636 manu
613 2600 848 2649 apprehensos
877 2600 1004 2643 eduxi,
1025 2600 1162 2648 inquit,
1185 2613 1240 2634 eos
1266 2599 1310 2634 de
1339 2608 1431 2634 terra
1455 2598 1605 2647 Aegypti
1628 2600 1655 2635 ἴ
1680 2626 1703 2641 „
1725 2597 1821 2633 Haec

107 2673 111 2676 ’
140 2660 356 2708 antiquitus,
374 2661 477 2696 tacite
497 2660 625 2704 veluti,
641 2661 768 2696 veteris
787 2660 938 2696 foederis
959 2660 1187 2695 cessationem
1207 2660 1404 2695 innuebant
1419 2661 1456 2703 ᾗ,
1473 2660 1565 2708 quod
1587 2659 1703 2707 ipsum
1725 2658 1820 2692 tabu-

139 2720 250 2754 larum
271 2735 410 2769 quoque
433 2721 598 2756 contritio
619 2721 836 2768 significavit.
863 2719 945 2767 Quo
967 2729 1127 2770 tempore
1150 2721 1244 2756 enim
1264 2721 1460 2770 aegyptiaca
1482 2719 1666 2769 tyrannide
1689 2717 1820 2753 Israhel

141 2788 283 2828 ereptus
303 2782 435 2824 suerat,
453 2781 596 2829 lapideis
615 2781 744 2817 tabulis
766 2782 819 2817 lex
840 2781 1081 2825 incidebatur,
1101 2795 1200 2817 mons
1218 2783 1355 2817 sumans
1375 2782 1577 2830 apparebat,
1598 2788 1819 2826 terroresque

141 2841 278 2875 maximi
299 2841 448 2890 desuper
469 2842 745 2889 obiiciebantur3
767 2842 962 2878 cuiusmodi
984 2857 1072 2892 opus
1095 2851 1166 2879 erat
1188 2857 1265 2891 erga
1286 2842 1412 2878 rudem
1432 2842 1601 2891 populum
1623 2848 1657 2875 et
1677 2839 1731 2874 his
1753 2847 1820 2874 ter-

1698 2909 1712 2922 Ι

1867 786 1877 796 v
1889 785 1972 806 naun.
1982 785 2030 806 ΧΥ.
2042 789 2075 806 Α.

1867 846 1905 866 (Ir.
1922 851 1945 871 Ῑι.
1961 850 1996 867 ⁸⁶,

1868 1212 1877 1221 ¹*
1893 1210 1962 1231 Hebr.
1980 1209 2039 1230 vni.
2053 1211 2072 1230 7.

1869 1328 1875 1334 ·
1893 1325 2027 1358 Hebr3Y11.
2044 1329 2073 1345 1⁴³.

1866 1361 1875 1367 ·
1886 1358 1937 1378 cod.
1956 1364 2056 1379 επεισει-

1866 1392 1946 1425 τ’ωψῖ·

1858 2609 1866 2619 ‘
1875 2607 1937 2629 Hier.
1944 2607 2024 2629 xxm.
2031 2609 2064 2627 32.

1856 2672 1909 2696 'gn
1919 2674 1981 2691 corr.
1990 2669 2065 2700 πρεῦ·

1855 2711 2008 2737 πζηνισσετο.
