2203 3331
639 205 703 229 PRO
728 204 857 228 SANCTIS
883 202 1085 227 IMAGINIBUS.
1640 194 1707 229 231

11 264 140 314 oppido
162 263 318 300 maiora?
341 261 440 298 Nihil
460 262 592 298 minus.
617 261 688 297 Sed
711 262 808 311 quod
829 276 848 297 a
868 270 964 310 patre
985 259 1165 296 mendacii
1187 260 1328 296 diabolo
1349 263 1517 298 omissum
1538 262 1642 305 olim,
1659 263 1711 297 vel

16 335 123 362 tenue
144 326 251 361 fuisse
272 324 407 360 scimus
421 352 429 366 ,
451 337 554 359 nunc
576 323 722 359 demum
742 323 920 358 adiectum
944 322 1102 357 videmus
1125 330 1158 356 et
1179 323 1411 359 cumulatum.
1438 324 1530 359 Nam
1551 338 1633 359 cum
1653 338 1713 359 an-

15 396 72 422 tea
93 387 135 422 ad
155 386 287 422 bellum
308 393 431 420 contra
455 384 661 428 ecclesiam,
682 385 825 420 nonnisi
846 384 959 418 verbis
982 382 1195 431 gerendum,
1218 382 1342 431 impios
1365 394 1617 433 comparasset,
1639 385 1713 433 plu-

19 448 193 496 rimasque
220 447 379 482 haereses
405 445 499 480 inter
523 445 744 481 Christianos
770 446 930 487 sevisset,
952 445 1019 479 hoc
1047 444 1193 479 demum
1220 451 1378 492 tempore
1400 459 1469 479 non
1494 447 1610 480 verbis
1639 454 1712 480 tan-

20 517 119 551 tum,
141 508 201 543 sed
228 507 323 556 quod
352 507 473 542 deerat
499 506 636 542 adiecto
651 535 659 550 ,
682 506 783 541 sactis
806 519 948 554 quoque
973 504 1056 553 ipsis
1086 513 1212 539 contra
1235 504 1369 539 divinas
1393 506 1497 540 aedes
1521 515 1624 554 atque
1647 507 1713 541 alia

18 583 115 604 sacra
141 569 288 604 donaria
313 569 528 611 bacchatur,
550 568 693 603 illorum
713 575 879 602 ornatum
897 574 1003 614 atque
1031 565 1257 614 splendorem
1277 579 1419 613 pessum
1441 567 1523 601 dare
1551 567 1713 603 studens:

19 630 68 664 ita
88 638 130 665 ut
155 639 306 678 utraque
334 644 371 665 re
400 629 533 664 malitia
560 628 708 664 istorum
737 635 956 675 coarguatur.
985 626 1131 662 Furunt
1158 627 1266 674 igitur
1288 626 1324 660 hi
1345 627 1489 661 nel'andi
1516 637 1640 662 contra
1667 642 1715 662 sa-

19 704 96 726 cros
117 691 322 740 divinosque
350 699 448 739 typos
468 704 506 725 ae
531 689 689 738 symbola
715 689 877 724 salutaris
904 687 977 723 Dei
997 687 1105 723 Verbi
1133 688 1360 723 oeconomiae
1384 696 1417 722 et
1438 688 1713 732 incarnationis,

19 761 54 787 et
79 766 178 787 sacra
207 752 242 786 in
272 752 410 800 templis
437 759 644 786 ornamenta
668 751 838 785 nituntur
859 750 1046 798 deturpare
1061 778 1069 793 ,
1093 750 1276 798 impressas
1298 749 1334 784 in
1356 749 1457 784 altari
1478 750 1635 784 historias
1657 750 1714 785 de—

18 812 114 856 lent,
139 813 313 862 sculptilia
341 821 462 848 sancta
489 812 693 847 stultissime
721 812 907 847 abradunt.
932 810 964 847 Ο
994 812 1167 847 furorem!
1192 826 1211 846 ο
1238 811 1443 853 audaciam,
1467 819 1501 846 et
1528 811 1714 859 impuden-

17 883 91 909 tem
111 874 221 909 animi
242 874 475 909 sententiam!
498 872 598 919 Quas
623 872 912 908 Christianorum
933 872 1146 921 pientissimi
1167 881 1203 908 et
1223 872 1497 920 religiosissimi,
1515 872 1714 920 superiores

17 935 167 984 inquam
187 935 386 971 sacerdotes
406 949 445 970 ac
466 948 565 982 reges
579 963 587 978 ,
610 943 645 969 et
666 934 883 983 quicumque
912 934 1082 982 dIgnitate
1111 934 1314 982 fulgebant,
1337 933 1513 982 ceterique
1538 941 1715 982 quotquot

15 995 147 1043 pietate
175 996 408 1031 ferventiores
430 1004 529 1031 erant
549 1005 584 1031 et
603 995 855 1039 studiosiores,
876 996 1091 1031 inflammato
1120 1009 1237 1031 amore
1265 995 1447 1043 calidaque
1468 995 1505 1029 in
1531 994 1714 1029 Christum

15 1056 84 1091 fide
107 1065 318 1106 sanctosque
337 1057 518 1100 succensi,
537 1057 763 1092 elaborarunt
783 1065 889 1105 atque
910 1057 1069 1092 historiis
1091 1064 1282 1100 ornarunt,
1303 1056 1545 1104 imagunculas
1568 1056 1715 1104 inquam

14 1117 92 1165 pias
113 1124 320 1167 sacrasque,
341 1128 376 1154 et
397 1119 556 1154 omnium
577 1117 655 1154 Deo
678 1118 717 1153 in
737 1118 898 1154 delubris
916 1132 935 1152 a
953 1132 990 1153 se
1013 1118 1206 1153 aedificatis
1227 1118 1480 1167 sculpserunt,
1498 1125 1605 1166 prout
1626 1117 1713 1152 ratio

15 1178 194 1228 cuiusque
216 1179 269 1214 rei
290 1188 573 1228 repraesentatae
601 1179 757 1223 serebat,
780 1193 853 1215 non
882 1180 1165 1228 perhorrescunt
1191 1179 1229 1214 hi
1255 1179 1375 1214 miseri
1398 1178 1587 1214 subfodere
1616 1187 1651 1213 et
1678 1178 1715 1212 il-

14 1239 146 1276 ludere.
174 1240 221 1275 Εἰ
241 1241 299 1276 vix
319 1241 507 1290 quisquam
530 1255 649 1290 pravas
678 1255 752 1276 esse
780 1249 959 1290 tantopere
987 1241 1183 1290 impiasque
1212 1240 1351 1276 illorum
1379 1240 1563 1288 opiniones
1594 1239 1714 1275 crede-

14 1308 90 1344 ret,
113 1310 148 1336 et
175 1301 440 1337 intolerabilem
462 1303 578 1351 potius
598 1303 788 1337 verborum
815 1302 943 1351 quibus
966 1311 1123 1337 utuntur
1149 1302 1353 1350 pravitatem
1380 1310 1623 1345 aversaretur,
1645 1301 1716 1336 nisi

14 1360 89 1408 ipso
111 1375 218 1410 opere
239 1363 325 1398 haec
350 1364 482 1398 scelera
502 1372 685 1412 patrantes
706 1372 891 1410 cerneret3
915 1363 1013 1399 unde
1041 1363 1202 1412 sequitur
1224 1371 1264 1398 ut
1285 1363 1308 1398 ii
1328 1364 1520 1398 verborum
1545 1362 1715 1398 nefando—

13 1435 94 1456 rum
121 1430 248 1458 testem
274 1424 427 1459 habeant
455 1438 603 1473 operum
630 1425 903 1473 improbitatem.
933 1424 1030 1470 Quid
1059 1424 1098 1459 ni
1124 1425 1219 1460 enim
1242 1423 1425 1459 evidenter
1447 1424 1714 1459 convincuntur

15 1496 88 1518 esse
116 1483 343 1520 idololatrae?
367 1485 454 1520 dum
481 1486 531 1520 ita
558 1485 785 1534 impudenter
814 1494 935 1521 contra
962 1485 1033 1531 Dei
1062 1486 1191 1534 templa
1218 1486 1368 1528 furunt,
1390 1485 1490 1534 quasi
1520 1485 1584 1533 ipsi
1611 1485 1714 1520 alteri

12 1543 177 1591 religioni
206 1544 280 1580 sint
308 1545 438 1581 initiati
464 1546 572 1581 immo
603 1547 824 1589 consecrati,
849 1561 937 1595 quae
969 1547 1169 1582 cuiusmodi
1190 1547 1233 1581 sit
1254 1546 1319 1595 ipsi
1345 1546 1531 1593 noverintj„
1558 1556 1591 1582 et
1612 1547 1714 1596 quasi

13 1603 201 1640 dominum
227 1615 391 1642 nostrum
411 1606 532 1643 Iesum
556 1606 742 1643 Christum
769 1621 971 1655 supremum
992 1607 1115 1643 Deum
1135 1608 1410 1655 abnegaverint,
1432 1616 1471 1642 ut
1492 1622 1531 1642 cx
1556 1608 1607 1642 liis
1631 1623 1713 1644 con-

14 1667 202 1714 sequentia
225 1667 421 1702 existimare
444 1668 611 1715 suadent3
630 1669 730 1717 quasi
749 1669 900 1718 denique
920 1671 1050 1705 frustra
1071 1668 1354 1704 Christianorum
1373 1683 1503 1704 nomen
1522 1670 1712 1707 retineant:

12 1726 160 1762 falsitate
189 1729 286 1763 enim
311 1729 544 1773 innituntur,
567 1729 636 1765 sola
664 1730 749 1778 ipsis
777 1730 964 1779 superstite
993 1738 1027 1766 et
1054 1731 1155 1779 quasi
1182 1730 1323 1779 appicta
1351 1730 1603 1779 appellatione,
1627 1731 1711 1779 quia

13 1787 227 1835 syllabarum
250 1790 398 1824 formam
425 1799 585 1833 servant,
606 1791 825 1838 significatus
845 1792 915 1826 vim
935 1800 1134 1839 negarunt3
1160 1791 1274 1840 spurii
1299 1791 1396 1826 enim
1423 1800 1526 1834 sunt,
1549 1800 1582 1826 et
1603 1791 1711 1826 alieni

13 1862 32 1882 a
52 1862 133 1884 vera
155 1864 192 1885 re
213 1850 286 1885 suis
308 1851 464 1899 ipsorum
485 1852 650 1899 operibus
675 1852 975 1888 demonstrantur.
1002 1852 1198 1900 Augebunt
1217 1861 1337 1888 autem
1361 1853 1550 1901 pessimum
1572 1853 1712 1888 illoruln

14 1909 176 1954 facinus,
201 1925 291 1959 quae
317 1925 357 1946 ex
384 1912 592 1947 eorumdem
614 1913 758 1948 ausibus
784 1914 956 1961 consequi
980 1913 1104 1948 solent.

120 1971 178 2007 61.
208 1971 303 2018 Quia
324 1973 421 2008 enim
444 1974 480 2008 in
505 1973 638 2009 Christi
658 1974 873 2021 imaginibus
895 1976 1008 2022 figura
1028 1989 1172 2024 quoque
1193 1975 1349 2010 vivificae
1372 1975 1489 2010 crucis
1514 1974 1618 2010 simul
1638 1975 1714 2024 pin-

15 2032 131 2079 gitur,
155 2033 345 2069 destruunt
365 2035 457 2070 hane
480 2036 586 2070 etiam
613 2036 669 2071 isti
689 2036 752 2085 qui
774 2037 1008 2072 nihilominus
1032 2037 1126 2072 circa
1154 2037 1191 2072 id
1220 2037 1424 2072 simulanter
1445 2051 1480 2072 se
1504 2045 1655 2084 gerunt,
1679 2046 1714 2072 et

15 2108 51 2128 se
75 2108 217 2129 crucem
238 2096 396 2130 venerari
416 2097 659 2144 mentiuntur3
676 2112 789 2146 quum
807 2112 928 2133 revera
951 2107 1071 2133 contra
1091 2107 1287 2147 utrumque
1308 2099 1407 2145 (tum
1430 2098 1618 2145 imaginem
1637 2106 1713 2133 tum

13 2154 120 2189 etiam
141 2158 308 2204 crucem)
331 2157 444 2192 rabies
465 2157 609 2193 illorum
631 2159 847 2195 exardescat.
878 2158 954 2195 Cur
977 2159 1074 2194 enim
1095 2159 1196 2194 alteri
1219 2167 1358 2194 tantum
1377 2159 1481 2194 irasci
1501 2159 1712 2203 videantur,

14 2229 130 2263 quum
157 2224 306 2264 utraque
337 2218 379 2251 ab
409 2218 537 2252 eodem
568 2217 711 2254 Christo
741 2219 957 2255 sanctificata
987 2220 1216 2268 dependeat?
1245 2219 1419 2255 Similiter
1447 2220 1584 2255 violant
1616 2233 1713 2255 sacra

14 2290 161 2324 quoque
184 2277 341 2320 cimelia,
364 2278 495 2326 quibus
519 2288 642 2314 sancta
662 2289 769 2328 atque
791 2280 926 2315 vivifica
951 2280 1084 2316 Christi
1105 2281 1337 2329 perficiuntur
1357 2281 1534 2330 mysteria.
1562 2281 1711 2329 Insuper

13 2345 47 2371 et
66 2338 274 2372 vestimenta
302 2348 477 2388 quotquot
505 2340 675 2375 eiusmodi
702 2341 833 2376 sanctis
854 2341 1012 2376 historiis
1041 2342 1169 2377 decore
1196 2351 1420 2378 exornantur.
1449 2342 1539 2377 Item
1569 2356 1711 2389 evange-

13 2397 164 2433 licorum
192 2399 412 2434 voluminum
438 2400 639 2435 veneranda
668 2402 852 2449 operculag
877 2403 994 2450 itaque
1020 2412 1054 2437 ct
1082 2403 1200 2450 ipsum
1228 2403 1447 2450 evangelium
1470 2403 1708 2452 pessumdant.

15 2457 116 2504 Quid
145 2460 240 2495 enim
267 2461 364 2495 aliud
390 2461 512 2496 videre
543 2470 613 2505 est,
641 2463 710 2497 nisi
739 2471 950 2498 evacuatum
978 2464 1021 2498 ab
1049 2464 1133 2512 ipsis
1159 2472 1193 2498 et
1221 2463 1432 2499 dissolutum
1461 2465 1710 2512 evangelium?

15 2518 110 2555 Nam
130 2521 165 2555 in
187 2536 256 2570 quo
278 2522 446 2557 different
468 2522 565 2558 intus
585 2523 735 2572 scripta,
753 2524 795 2558 ab
819 2524 973 2559 exterius
996 2525 1221 2560 historialiter
1243 2526 1386 2568 esfictis,
1405 2539 1517 2574 quum
1537 2540 1635 2561 mens
1657 2528 1708 2574 (1)

15 2580 138 2615 eadem
158 2582 322 2631 idemque
344 2593 595 2631 argumentum
618 2584 654 2619 in
677 2593 826 2633 utraque
848 2599 886 2620 re
909 2587 1113 2634 spectetur?
1140 2586 1248 2622 Unde
1270 2587 1329 2630 fit,
1351 2595 1393 2622 ut
1419 2587 1447 2622 si
1472 2601 1587 2623 unum
1611 2601 1712 2622 vene-

15 2641 121 2676 rabile
150 2643 213 2685 sit,
238 2644 384 2679 alterum
408 2659 516 2694 aeque
546 2646 590 2680 sit
617 2646 841 2692 venerabileg
864 2647 919 2681 vel
946 2655 1141 2696 utrumque
1170 2647 1329 2696 deperire
1357 2662 1501 2684 necesse
1530 2657 1588 2683 est.
1617 2647 1710 2683 Ecce

17 2701 114 2736 enim
142 2703 252 2738 multa
281 2706 459 2742 cernimus
488 2707 687 2742 veneranda
715 2708 969 2743 huiuscemodi
1001 2709 1182 2744 volumina
1200 2738 1207 2752 ‚
1238 2718 1271 2745 et
1298 2710 1445 2758 quidem
1473 2710 1683 2758 perantiqua
1702 2736 1710 2750 ,

14 2776 105 2810 quae
126 2763 228 2811 longo
249 2765 318 2800 iam
337 2775 494 2816 tempore
516 2782 534 2803 a
556 2768 729 2817 religiosis
750 2769 885 2818 piisque
912 2770 1117 2805 hominibus
1148 2770 1321 2807 elaborata
1343 2786 1416 2807 esse
1445 2779 1599 2813 constat,
1621 2782 1709 2818 quae

96 2896 131 2927 (a)
151 2895 183 2921 In
203 2894 296 2923 codiee
316 2897 427 2932 εὐνοίας,
445 2898 495 2928 sed
514 2899 587 2928 malo
606 2899 725 2928 scrihere
745 2901 854 2934 ἑννοίας.

1748 1862 1786 1883 (ἵν.
1802 1868 1824 1889 p.
1841 1865 1885 1883 102.
