2203 3331
161 1660 198 1680 Gr.
214 1665 236 1685 p.
255 1662 299 1680 131.

94 1719 101 1727 ’
114 1722 148 1743 gr.
158 1719 208 1744 lege
221 1718 252 1747 λῃ
258 1724 297 1740 cn.

356 190 421 223 138
904 200 932 223 s.
958 201 1133 224 NtCEPHORt
1160 202 1420 225 Asrumnnricrs
1448 203 1500 225 111.

353 255 599 303 permittente,
623 253 713 287 haud
736 253 888 289 feliciter
909 257 1040 303 exegit,
1063 258 1144 305 quia
1167 257 1295 292 divinis
1316 257 1501 292 beneficiis
1523 257 1591 291 suit
1613 257 1791 306 indignus.
1812 259 1897 304 Yet,
1922 271 1962 297 ut
1984 276 2054 298 ma·

351 316 400 361 gis
430 315 566 362 proprie
595 315 776 357 dicamus,
798 314 876 351 Deo
906 325 1043 365 tempus
1073 319 1291 366 proferente,
1316 318 1481 366 iusteque
1507 318 1744 363 consulente,
1766 329 1807 356 ut
1836 322 1916 357 heic
1948 324 2053 359 etiam

349 389 494 409 suorum
523 375 720 410 facinorum
748 390 877 424 poenas
902 378 1031 425 partim
1059 379 1280 425 degustaret,
1305 392 1455 427 moxque
1480 392 1552 414 non
1576 379 1652 414 sinc
1676 381 1839 427 gravibus
1869 383 2051 419 doloribus

352 435 584 482 turpissimam
612 437 717 471 vitam
745 438 994 486 abrumperet,
1017 448 1131 486 parata
1161 439 1229 474 sibi
1258 453 1275 474 a
1303 439 1423 473 divina
1451 439 1583 474 ultione
1613 440 1786 488 supplicia
1808 442 1845 477 in
1870 452 2048 491 posterum

348 495 558 530 immortalia
580 504 614 530 et
637 497 714 531 sine
744 498 813 532 fine
843 499 947 533 miser
976 508 1182 547 recepturus
1197 528 1204 542 ,
1227 501 1425 535 acerbiores
1447 500 1581 535 seilicet
1608 514 1647 535 ac
1676 501 1939 546 diuturniores,
1964 518 2046 540 cum

347 564 442 602 patre
467 570 529 590 suo
554 570 757 605 poenaeque
783 559 975 602 coherede,
999 560 1036 594 in
1063 561 1224 606 gehenna
1253 560 1436 595 cruciatus
1462 574 1700 608 perpessurus.

455 629 510 664 72.
540 616 636 662 Quas
657 631 738 653 vero
762 620 971 665 confingunt
995 620 1067 655 eins
1089 621 1272 663 victorias,
1297 635 1356 655 eae
1380 621 1583 655 huiusmodi
1605 629 1712 664 sunt,
1737 630 1776 656 ut
1804 636 1913 657 unam
1938 637 1954 657 e
1977 638 2047 659 ma·

346 675 447 710 ximis
476 690 720 713 memoremus.
749 678 941 727 Postquam
970 680 1230 728 expeditionem
1265 682 1418 729 suscepit
1450 681 1616 716 adversus
1650 682 1909 718 occidentalem
1942 684 2047 719 nobis

346 737 542 784 scythicum
569 739 740 787 populum
770 741 843 787 (ι),
866 740 1072 775 universum
1094 754 1200 775 suum
1230 742 1402 776 contraxit
1431 743 1495 776 sub
1523 742 1620 789 sIgna
1648 743 1861 785 exercitum,
1885 744 2045 779 commis-

345 810 456 845 soque
481 811 563 832 cum
584 799 740 834 hostibus
761 799 913 847 proelio,
937 814 1042 848 quam
1064 800 1146 835 felix
1169 801 1277 836 suerit
1299 801 1382 836 belli
1405 802 1540 844 exitus,
1563 802 1700 850 publica
1722 811 1809 837 sunt
1831 803 2042 839 testimonia.

345 857 438 892 Nam
467 873 575 907 usque
597 859 640 894 ad
663 861 754 895 hanc
782 860 876 895 diem
905 860 999 895 circa
1020 860 1238 896 Anchialum
1263 862 1311 909 (2)
1336 863 1483 905 urbem,
1505 862 1610 897 valles
1636 863 1819 911 campique
1845 863 2044 899 interfecto-

344 931 422 953 rum
450 920 608 954 membra
637 920 888 956 demonstrant.
916 920 1007 955 Nam
1030 922 1194 969 scythicis
1217 921 1338 968 gladiis
1362 931 1514 958 cunctus
1543 937 1655 971 paene
1677 923 1917 959 Romanorum
1947 938 2043 959 exer—

343 979 433 1014 citus
455 981 617 1015 concisus
638 980 715 1017 suit.
746 980 851 1027 Quod
876 981 904 1015 si
927 982 1094 1028 exiguum
1116 982 1260 1031 aliquod
1283 997 1349 1018 nec
1372 984 1538 1030 gravioris
1565 984 1668 1032 plane
1691 984 1864 1019 momenti
1893 985 1981 1031 egit,
2004 985 2040 1020 id

343 1039 486 1087 quidem
514 1040 662 1087 legimus
686 1041 721 1076 in
746 1042 820 1076 eius
842 1042 967 1076 litteris
990 1042 1033 1076 ad
1057 1043 1169 1089 regiae
1193 1043 1287 1077 urbis
1308 1043 1439 1078 incolas
1469 1043 1628 1092 scripti53
1654 1045 1691 1079 in
1719 1045 1852 1093 quibus
1879 1045 1978 1080 valde
2005 1060 2040 1080 se

342 1100 448 1135 iactat
475 1101 533 1135 hic
561 1102 741 1136 mendacii
769 1103 922 1137 famulus
952 1112 983 1137 et
1011 1103 1157 1145 sodalis,
1181 1103 1332 1138 multum
1359 1118 1501 1152 quoque
1527 1103 1595 1139 Dei
1624 1105 1746 1140 odium
1774 1105 1921 1141 infinitis
1949 1106 2042 1141 iura-

341 1162 470 1195 mentis
492 1162 533 1196 ad
558 1163 722 1197 creatoris
753 1163 1005 1198 contumeliam
1027 1164 1167 1212 prolatis
1181 1192 1189 1207 ,
1210 1178 1291 1212 prae
1314 1179 1349 1199 se
1370 1166 1463 1211 [ει-ῖς
1490 1179 1572 1200 cum
1592 1166 1758 1201 videlicet
1783 1175 1924 1213 gentem
1946 1166 2040 1202 illam

341 1221 503 1257 adversus
531 1222 640 1258 duces
667 1238 748 1259 suos
770 1224 1003 1259 rebellantem
1026 1225 1261 1273 deprehendit
1293 1226 1471 1274 (namque
1495 1226 1558 1261 hoc
1581 1240 1679 1274 saepe
1702 1226 1839 1262 faciunt
1862 1228 2014 1274 Scythae
2029 1255 2037 1270 ,

339 1291 459 1330 utpote
486 1284 669 1319 barbarico
691 1299 786 1320 more
809 1286 958 1328 imbuti,
983 1294 1017 1321 et
1038 1286 1124 1321 duas
1147 1287 1184 1321 in
1205 1295 1321 1334 partes
1342 1287 1552 1335 plerumque
1575 1287 1701 1330 divisi,
1725 1288 1751 1322 si
1773 1289 1864 1322 sorte
1888 1288 1964 1322 illos
1985 1302 2041 1323 vo-

338 1342 535 1379 luntatibus
562 1345 634 1380 suis
662 1346 873 1382 obsistentes
905 1348 1172 1395 cognoverint.)
1206 1347 1308 1394 Quae
1329 1348 1453 1383 seditio
1482 1357 1572 1383 tunc
1600 1349 1730 1385 accidit
1759 1363 1840 1384 cum
1869 1349 2038 1385 dominus

337 1403 477 1439 illorum
499 1404 676 1449 Sabinus,
699 1407 742 1442 ad
763 1407 942 1443 Romanos
963 1410 1133 1456 profugus
1156 1408 1290 1444 defecit
1314 1410 1376 1458 (3).
1406 1409 1513 1444 Tunc
1536 1409 1644 1457 igitur
1669 1410 1784 1457 gentis
1809 1410 1907 1445 civile
1936 1410 2039 1445 disci-

336 1464 437 1499 dium
464 1474 497 1500 et
524 1466 650 1501 seditio
669 1496 677 1509 ,
706 1468 844 1502 brevem
873 1468 1064 1504 Mammiae
1093 1470 1142 1504 rei
1169 1470 1258 1505 bene
1288 1470 1461 1517 gerendae
1492 1471 1720 1505 occasionem
1747 1470 1858 1507 dedit.
1888 1470 2037 1505 Interim

336 1538 418 1559 vero
441 1526 664 1562 orientalium
686 1528 915 1563 barbarorum
936 1529 990 1564 vel
1010 1529 1117 1564 solam
1138 1530 1359 1565 mentionem
1382 1531 1653 1577 reformidabat3
1673 1531 1721 1566 ita
1740 1539 1780 1565 ut
1801 1531 1837 1565 in
1859 1531 2035 1566 concione

337 1586 486 1631 dixerit,
504 1602 538 1623 se
560 1602 633 1623 non
654 1589 782 1624 audere
801 1589 853 1624 vel
875 1598 1000 1624 contra
1023 1604 1153 1639 paucos
1170 1590 1309 1626 illorum
1330 1604 1411 1626 cum
1430 1592 1594 1626 universo
1618 1591 1775 1627 exercitu
1797 1605 1860 1626 suo
1879 1605 2037 1640 pugnam

336 1661 533 1685 conserere.
558 1648 631 1684 Sed
653 1663 737 1685 cum
757 1650 849 1698 apud
871 1651 962 1698 ipsos
984 1665 1080 1686 more
1102 1651 1204 1687 solito
1225 1652 1337 1687 civilis
1362 1661 1558 1687 commotus
1582 1662 1635 1688 est
1657 1652 1810 1700 gladius,
1829 1654 2035 1700 ferrumque

336 1707 379 1743 de
408 1709 561 1756 partium
582 1710 780 1745 diversitate
805 1711 1037 1754 decernebat,
1060 1721 1164 1760 atque
1188 1713 1223 1748 in
1246 1721 1413 1748 mutuum
1435 1714 1586 1748 ruebant
1609 1714 1776 1756 exitium,
1799 1713 1994 1748 latrocinali
2017 1714 2037 1733 ᾗ

334 1769 453 1816 potius
481 1784 585 1818 quam
612 1770 757 1805 militari
785 1785 879 1806 more
910 1786 975 1807 ceu
1005 1772 1209 1820 incognitus
1230 1773 1423 1808 Armeniae
1452 1774 1650 1822 provincias
1678 1773 1869 1815 invadens,
1894 1772 2034 1808 castella

334 1829 404 1864 illie
433 1831 525 1878 cepit
552 1832 854 1867 consentientibus
884 1833 1017 1868 incoliS.
1046 1833 1209 1869 Armenii
1238 1843 1360 1869 autem
1383 1834 1535 1883 Syrique
1564 1835 1747 1870 christiani
1772 1843 1890 1879 erantg
1912 1846 2033 1881 neque

335 1891 430 1926 enim
452 1892 541 1927 hosti
561 1907 693 1940 pagano
717 1908 885 1942 umquam
909 1895 983 1943 ipse
1006 1896 1237 1942 occurrisset3
1258 1910 1347 1944 quos
1372 1897 1497 1939 etiam,
1520 1905 1638 1931 contra
1663 1896 1779 1931 datam
1800 1893 2032 1930 iureiurando

333 1952 456 1995 fidem,
484 1954 599 1989 exules
629 1955 808 1990 transtulit
835 1956 877 1990 ad
908 1955 1080 1991 Thraciae
1110 1957 1198 1991 fines
1229 1959 1300 2005 (ωε
1331 1957 1433 1992 cuius
1462 1957 1630 2005 perfidiae
1660 1957 1831 1991 ultionem
1858 1955 2032 1990 thracicus

334 2027 475 2061 campus
499 2024 537 2050 ut
558 2029 635 2049 reor
658 2029 758 2050 nunc
782 2016 914 2052 clamat.
937 2015 1106 2052 Saraceni
1129 2031 1208 2052 vero
1230 2031 1342 2066 quum
1366 2018 1608 2053 incursionem
1633 2017 1894 2064 cognovissent,
1915 2027 2033 2063 quam-

332 2074 410 2109 dam
432 2075 543 2121 grax‘is
566 2085 762 2111 armaturae
785 2077 965 2125 phalangis
989 2077 1127 2113 obviam
1148 2078 1345 2121 miserunt,
1369 2092 1459 2127 quae
1483 2079 1641 2126 quinque
1662 2078 1817 2112 millium
1838 2089 2031 2111 numerum

332 2149 405 2169 non
436 2137 635 2173 excedebat.
666 2136 831 2183 Quorum
851 2138 1003 2173 adventu
1027 2138 1188 2185 cognito,
1212 2140 1329 2185 sugam
1358 2139 1475 2174 statim
1500 2152 1582 2174 cum
1605 2147 1774 2186 sequente
1800 2136 2031 2172 multitudine

331 2195 497 2243 arripuit,
520 2206 553 2232 et
574 2212 618 2232 ne
641 2198 930 2247 appropinquare
960 2198 1104 2247 quidem
1133 2198 1201 2234 illis
1225 2208 1277 2234 est
1299 2213 1413 2234 ausus.
1444 2198 1537 2234 Haec
1566 2199 1672 2246 igitur
1699 2198 1803 2233 sortia
1832 2197 1925 2232 illius
1950 2196 2032 2231 saci-

330 2268 437 2299 nora,
464 2266 498 2291 et
524 2258 565 2292 de
590 2259 748 2293 hostibus
773 2259 880 2294 relata
906 2260 1069 2308 trophaea
1095 2268 1186 2296 sunt.

438 2320 494 2366 73.
522 2318 634 2364 Quasi
662 2334 746 2355 vero
775 2320 909 2370 alioqui
938 2329 1093 2369 oporteat
1119 2321 1276 2356 victoriis
1305 2321 1530 2370 strenuisque
1554 2321 1675 2369 gestis,
1699 2330 1733 2356 et
1756 2321 1860 2368 longo
1889 2319 2028 2367 imperii

331 2378 494 2425 periodo.
517 2379 662 2427 aliisque
692 2381 795 2416 rebus
817 2382 947 2430 quibus
969 2382 1074 2417 huius
1095 2382 1186 2417 vitae
1209 2382 1359 2417 felicitas
1383 2383 1666 2430 prosperitasque
1696 2382 1897 2422 indicatur,
1920 2380 2030 2415 fidem

330 2438 529 2486 religiosam
550 2440 684 2485 metii-ig
705 2450 739 2475 et
762 2456 834 2476 non
857 2442 1065 2490 apostolieae
1087 2442 1204 2491 potius
1226 2443 1409 2477 doctrinae
1431 2443 1647 2486 adtendere,
1666 2442 1725 2477 illa
1746 2450 1865 2477 autem
1884 2440 1957 2475 Dei
1978 2441 2031 2475 iu-

409 2526 445 2557 (1)
464 2524 599 2560 Bulgaros
618 2529 644 2552 et
664 2527 795 2560 IIunnos,
816 2531 848 2554 ut
867 2528 905 2554 ait
925 2528 998 2555 idem
1018 2529 1189 2564 Nicepliorus
1209 2529 1237 2555 in
1257 2528 1401 2556 breviario.

410 2571 445 2601 (2)
465 2569 546 2604 Apud
566 2570 707 2596 Petavium
726 2570 754 2596 in
774 2570 848 2598 dieto
867 2573 1021 2607 Niceplioro
1040 2577 1166 2608 excerpto
1186 2582 1282 2608 graece
1298 2575 1411 2609 Ἀχελών
1432 2573 1580 2605 mendose,
1600 2572 1722 2607 itemque
1741 2571 1856 2598 omnino
1877 2569 1948 2605 apud
1972 2572 2028 2597 tta-

328 2613 477 2640 martolum
494 2618 519 2640 et
537 2613 672 2640 Siculum.
693 2615 819 2642 Petarius
838 2617 947 2651 scripsit
966 2617 1050 2644 latine
1065 2618 1237 2651 Acheloum,
1253 2619 1416 2645 existimans
1434 2618 1472 2645 ita
1492 2616 1654 2647 emendare3
1671 2616 1719 2643 sed
1738 2624 1798 2642 vera
1820 2616 1901 2642 lectio
1921 2619 1961 2641 est
1981 2624 2028 2641 eo·

327 2657 396 2684 dieis
417 2659 503 2684 nostri
528 2659 646 2685 vaticani
663 2660 804 2694 Ἀγγίαλον
824 2662 1008 2688 ,lm-hialam.
1035 2663 1070 2688 Et
1093 2662 1205 2697 quidem
1231 2663 1359 2689 vocabuli
1384 2667 1485 2690 rectam
1511 2661 1675 2696 scripturam
1701 2660 1783 2687 habet
1803 2660 1975 2694 Nicepliorus
2000 2659 2028 2685 in

327 2701 462 2729 breviario
481 2702 515 2729 ad
536 2711 580 2730 an.
603 2707 668 2735 763,
689 2704 735 2730 ubi
757 2704 893 2731 infelicem
914 2707 1080 2742 Copronymi
1100 2707 1135 2733 ad
1155 2707 1324 2734 Anchialum
1344 2715 1467 2742 pugnam
1488 2705 1635 2737 describit3
1656 2709 1762 2740 praeter
1781 2704 1863 2731 aliam
1885 2703 2027 2731 calamita-

328 2749 382 2772 tem
403 2746 475 2780 apud
495 2747 620 2774 eamdem
640 2748 809 2775 Anchialum
830 2757 874 2775 an.
898 2753 957 2776 766.

409 2794 443 2822 (3)
463 2790 557 2817 Sabini
578 2792 760 2826 Bulgarorum
781 2791 860 2819 ducis
880 2793 1062 2821 desertionem
1081 2803 1096 2821 a
1117 2796 1190 2829 suis,
1206 2800 1232 2822 et
1251 2795 1286 2822 ad
1301 2796 1505 2831 copronymum
1521 2793 1694 2830 perfugium,
1709 2797 1803 2821 narrat
1819 2793 1892 2820 inter
1906 2796 2027 2825 ceteros,

329 2836 421 2861 noster
439 2835 611 2869 Nicephorus
630 2836 659 2862 in
679 2836 811 2863 breviario
832 2836 866 2863 ad
887 2846 931 2864 an.
954 2842 1013 2866 763.

409 2880 444 2910 (4)
463 2879 532 2906 Rem
553 2884 686 2907 memorat
705 2884 800 2908 noster
818 2881 901 2908 etiam
920 2882 950 2909 in
969 2882 1103 2910 breviario
1123 2883 1158 2911 ad
1179 2891 1224 2911 an.
1247 2887 1307 2911 753.
