2203 3331
663 186 827 210 Aiu‘ensts
853 179 1097 207 CONSTANTINL'M
1125 179 1357 201 cornoxmmi.
1816 161 1860 194 59

271 252 330 297 44.
358 247 433 294 Age
453 259 536 280 vero
558 244 587 279 si
609 242 753 292 quando
777 255 795 276 a
815 238 927 275 Paulo
948 233 1117 272 audierit:
1138 240 1161 254 “
1186 247 1247 267 1105
1269 241 1386 267 autem
1406 229 1650 279 praedicamus
1676 226 1859 262 Christum

227 310 436 347 crucifixum
463 308 481 327 *⁸
551 304 636 354 quid
666 304 698 339 ei
727 312 811 338 tunc
840 298 954 335 menti
980 294 1161 331 occurrit?
1190 292 1370 338 Quoniam
1399 304 1589 326 commune
1619 297 1670 324 cst
1695 287 1862 323 ambabus

170 343 197 358 ³.)
506 335 529 349 59

173 370 379 409 coadunatis
407 367 542 403 naturis
571 378 701 401 nomen
731 360 886 401 Christi,
908 371 989 392 sane
1017 355 1070 390 vel
1097 354 1223 388 invitus
1254 361 1397 387 coactus
1422 351 1532 387 suerit
1559 349 1758 385 secundum
1786 362 1862 383 suas

168 430 445 483 propositiones,
474 426 645 477 quoniam
671 423 770 458 Deus
797 432 936 468 quoque
964 418 1032 452 hoc
1061 414 1206 450 nomine
1236 413 1445 453 denotatur,
1473 426 1518 445 110
1548 410 1643 458 qnod
1672 419 1724 444 est
1752 423 1865 445 unum

167 492 320 533 dividat,
345 491 456 538 ipsum
477 488 637 523 Verbum
658 485 695 518 in
716 480 856 530 propria
877 492 955 513 vere
976 485 1105 512 natura
1129 474 1342 510 crucifixum
1366 472 1483 505 dicere
1498 499 1505 513 ,
1529 471 1753 518 dixinamque
1773 484 1866 505 arca-

171 567 253 589 nam
281 550 509 587 substantiam
532 560 614 583 cum
633 546 789 580 humana
819 555 891 576 esse
921 550 1146 586 compassam.
1175 534 1217 569 Et
1240 534 1267 568 si
1294 533 1372 581 quis
1395 533 1425 567 ei
1449 532 1696 567 venerandum
1723 545 1865 580 quoque

170 624 206 650 ct
227 614 405 649 vivificum
424 610 626 658 sepulcrum
646 602 844 640 ostenderit
869 603 931 649 (ut
952 600 1019 634 iam
1041 596 1353 633 circumcisionem
1374 602 1407 628 et
1430 593 1605 641 passiones
1629 593 1710 627 alias
1731 592 1866 627 omitta-

171 676 294 719 111115),
316 674 474 721 profecto
495 667 622 704 dixerit
643 673 823 701 mortuum
846 676 920 696 esse
942 660 1122 701 Verbum,
1144 657 1370 703 divinamque
1394 662 1429 688 et
1450 653 1679 688 immortalem
1701 662 1865 688 naturam

174 748 257 771 cum
283 734 437 768 bumana
465 743 504 764 ac
534 726 674 763 mortali
703 722 958 772 consepultam.
987 720 1084 755 Haec
1112 718 1209 753 enim
1236 716 1328 765 apud
1358 728 1440 750 eum
1468 714 1581 756 finnt,
1608 723 1649 748 ut
1675 713 1864 762 quominus

173 795 374 830 dividantur
402 799 570 831 naturae,
593 789 621 823 si
641 786 726 836 quid
749 785 918 820 alterutra
945 781 1120 831 patiatur,
1143 780 1179 814 in
1203 779 1297 813 idem
1317 777 1447 826 pariter
1471 774 1739 810 incommodum
1762 775 1866 810 etiam

172 856 314 890 alteram
334 851 517 899 pertrahat.
548 848 649 895 Quid
669 860 772 896 porro
795 846 827 880 ei
849 845 1096 879 demonstrant
1116 841 1239 876 verba:
1260 846 1283 860 “
1308 837 1407 872 nobis
1430 835 1573 885 quidem
1595 849 1688 870 unus
1709 835 1806 870 Deus
1833 844 1868 870 et

174 943 197 957 „
227 921 342 961 pater,
366 926 406 946 ex
427 925 497 959 quo
520 909 658 951 omnia,
680 917 715 944 et
736 921 799 942 nos
822 906 856 940 in
879 906 973 954 ipso;
1000 912 1032 938 et
1061 901 1226 937 dominus
1253 899 1352 935 Iesus
1376 897 1560 939 Christus,
1583 910 1646 944 per
1673 908 1777 944 quem
1798 910 1867 930 om-

174 1002 196 1016 „
225 973 304 1015 nia,
328 979 360 1006 et
383 985 447 1006 nos
469 985 529 1019 per
551 969 667 1018 ipsum
693 968 736 1003 ¹¹²?
761 996 784 1010 „
809 965 916 1001 Certe
938 980 955 1000 0
981 963 1157 999 contrario
1181 961 1276 1010 paria
1297 959 1349 994 illi
1372 957 1561 993 obvenient
1587 956 1746 991 absurda.
1776 955 1865 991 Nam

171 1034 255 1082 quia
277 1033 313 1067 111
337 1045 450 1067 unum
474 1031 707 1066 conferuntur
727 1027 865 1070 omnia,
887 1025 1066 1061 videbitur
1093 1021 1313 1059 concreatrix
1337 1033 1419 1055 011111
1440 1018 1558 1053 Verbo
1582 1026 1700 1052 nostra
1723 1031 1862 1065 quoque

172 1101 299 1128 natura
327 1092 364 1126 in
391 1105 512 1126 rerum
540 1089 699 1125 omnium
727 1086 984 1137 productione,
1008 1085 1146 1133 eritque
1173 1083 1278 1117 homo
1306 1081 1359 1116 5111
1387 1079 1500 1128 ipsius
1529 1086 1673 1113 creator.
1702 1077 1860 1125 Itemque

172 1153 313 1188 dicente
335 1153 414 1187 divo
436 1151 565 1187 Petro:
587 1157 609 1172 ‘⁴
635 1158 671 1185 tu
697 1164 730 1184 es
754 1148 914 1184 Christus
939 1146 1009 1181 Dei
1032 1146 1125 1180 filius
1146 1145 1164 1165 ’ἃ
1187 1171 1212 1187 „
1232 1141 1429 1177 secundum
1459 1138 1633 1174 eiusmodi
1663 1138 1867 1187 propositio-

174 1227 278 1256 nem,
302 1227 381 1248 caro
409 1212 516 1247 etiam
543 1210 799 1260 comperietur,
825 1216 966 1256 propter
994 1206 1056 1241 filii
1083 1205 1313 1245 relationem,
1339 1201 1476 1236 deitatis
1504 1199 1708 1235 naturaliter
1736 1200 1863 1233 habere

174 1274 392 1321 dignitatem.
415 1272 512 1308 Haec
535 1279 568 1307 et
587 1272 685 1320 plura
706 1269 850 1312 similia,
870 1268 1028 1303 delibans
1048 1266 1199 1315 quilibet
1219 1264 1353 1299 divinas
1372 1263 1585 1310 scripturas,
1606 1261 1759 1295 inveniet
1777 1274 1864 1308 quae

177 1335 277 1369 istius
301 1333 547 1381 blasphemiam
569 1331 896 1378 absurditatemque
922 1327 1170 1374 obiurgabunt.
1200 1325 1298 1360 Talia
1323 1324 1454 1372 quippe
1478 1322 1686 1358 B‘Iamonam
1714 1321 1865 1368 cogitare

177 1404 211 1429 et
233 1395 389 1441 opinari,
413 1406 615 1429 sermonum
637 1392 711 1427 eius
734 1390 953 1439 prohoemia,
974 1402 1083 1423 vanae
1106 1387 1313 1434 fallacesque
1336 1385 1575 1433 quaestiones,
1597 1382 1701 1418 nobis
1722 1382 1865 1417 demon-

177 1463 300 1489 strant.
323 1454 367 1489 Et
388 1455 474 1489 haec
495 1453 639 1501 quidem
658 1452 716 1486 ille
738 1450 1008 1486 inartificialiter
1030 1447 1306 1496 simpliciterque
1332 1446 1491 1492 dogmata
1511 1444 1635 1486 tradit,
1653 1457 1726 1478 non
1747 1452 1867 1478 autem

177 1513 280 1549 modo
308 1514 425 1562 aliquo
447 1512 739 1563 adpropriationis
766 1520 829 1547 aut
857 1509 1127 1559 permutationis
1151 1510 1201 1556 (1)
1219 1536 1227 1551 ‚
1248 1515 1354 1555 prout
1374 1520 1446 1540 mos
1468 1514 1518 1540 est
1540 1504 1727 1552 magisterii
1757 1505 1869 1539 catho-

179 1573 259 1620 1101,
285 1589 352 1623 qua
381 1574 425 1609 de
454 1588 492 1609 re
522 1573 625 1622 paulo
654 1581 732 1622 post
759 1572 899 1607 «licetur
930 1573 992 1619 (2).

283 1635 343 1680 [45.
373 1633 444 1669 Sed
472 1634 555 1682 quia
574 1634 641 1668 hoc
663 1641 818 1680 nugante
840 1641 876 1668 et
896 1631 1074 1678 tautologo
1088 1659 1096 1674 ‚
1118 1629 1246 1677 nugari
1269 1628 1369 1663 simul
1399 1626 1643 1663 constituimus
1668 1639 1748 1661 cum
1769 1625 1872 1660 dictis

180 1696 279 1741 eiu53
303 1695 407 1738 huic,
436 1695 556 1730 eadem
583 1694 665 1730 licet
693 1694 828 1730 dicenti
855 1693 898 1728 de
927 1693 1055 1728 iisdem
1081 1692 1208 1734 rebus,
1237 1704 1356 1725 rursus
1385 1702 1625 1724 occurramus.
1655 1687 1708 1722 Ita
1734 1701 1815 1722 vero
1845 1687 1873 1721 is

180 1757 292 1792 babet.
326 1763 373 1802 ςζέ)
404 1755 449 1790 Et
471 1755 649 1804 quomodo
672 1754 743 1790 Dei
767 1763 800 1790 et
824 1754 976 1789 hominis
1006 1766 1138 1788 nomen
1162 1751 1352 1800 (Christus
1372 1752 1379 1798 )
1404 1750 1563 1784 divinam
1584 1757 1745 1784 naturam
1768 1749 1875 1783 deno-

184 1825 231 1864 0-2-‘2
265 1826 340 1851 tans
363 1825 470 1865 atque
492 1817 701 1858 humanam,
724 1815 766 1851 de
796 1815 854 1850 illa
882 1815 987 1850 icone
1015 1812 1248 1863 pronunciari
1270 1826 1287 1846 a
1310 1811 1411 1846 nobis
1433 1819 1569 1859 potest,
1594 1824 1681 1859 quae
1703 1810 1874 1844 humanae

184 1883 233 1922 :²9
265 1876 508 1911 tantummodo
530 1885 677 1911 naturae
695 1875 1008 1924 repraesentandae
1029 1874 1101 1909 vim
1117 1874 1242 1916 habet,
1256 1872 1391 1907 divinae
1413 1885 1494 1906 vero
1513 1870 1876 1919 incomprehensibilis

185 1945 233 1984 (ᾖ)
267 1937 565 1986 haudquaquam?
591 1941 638 1980 019
663 1936 738 1972 Hoc
760 1937 907 1971 verbum
928 1942 950 1957 ‘⁴
968 1934 1142 1984 quomodo
1161 1963 1183 1977 „
1205 1942 1247 1969 ut
1270 1933 1368 1981 quasi
1390 1942 1608 1981 praesentem
1632 1940 1664 1966 te
1686 1931 1874 1979 adloquar,

181 2000 209 2033 51
238 1999 301 2033 11111
329 1998 466 2032 animae
496 2011 594 2032 aures
616 2011 689 2032 non
715 1997 1005 2040 obsurduissent,
1027 1996 1053 2030 si
1083 1995 1147 2030 tibi
1175 1994 1378 2029 intellectus
1406 1993 1498 2028 oculi
1522 2007 1592 2027 non
1622 2001 1734 2027 essent
1759 2006 1877 2026 excae-

185 2060 273 2098 cati,
296 2059 324 2094 si
354 2059 416 2093 tibi
445 2073 543 2093 mens
571 2072 643 2093 non
671 2067 757 2093 esset
778 2058 927 2093 alienata
957 2066 992 2092 ct
1019 2056 1199 2092 ratiocinii
1226 2070 1310 2091 usus
1337 2056 1545 2095 subversus,
1567 2054 1595 2088 si
1617 2053 1679 2088 tibi
1699 2052 1875 2100 religionis

184 2121 326 2155 termini
354 2120 491 2155 immoti
517 2128 725 2162 manerent,
749 2128 782 2154 et
811 2119 1002 2154 catholicae
1032 2118 1201 2154 ecclesiae
1231 2117 1369 2152 traditio
1393 2124 1595 2152 conservata
1624 2123 1715 2150 esset
1742 2114 1875 2149 incolu-

187 2182 269 2223 mis,
297 2181 325 2215 si
353 2181 505 2228 aliquam
536 2181 656 2215 saltem
684 2181 763 2215 fidei
791 2180 981 2215 scintillam
1010 2179 1113 2214 corde
1142 2187 1201 2214 tuo
1229 2178 1419 2221 retineres,
1442 2191 1559 2225 neque
1587 2175 1686 2210 furiis
1713 2175 1876 2209 adversus

188 2241 531 2289 irreprehensibilem
552 2241 844 2290 infallibilemque
869 2240 1126 2276 confessionem
1144 2247 1299 2274 nostram
1317 2238 1506 2286 agitarere,
1524 2237 1681 2272 ducibus
1700 2235 1760 2283 qui
1779 2244 1810 2269 te
1832 2234 1876 2269 ad

188 2303 406 2338 infidelitatis
434 2302 713 2351 perditionisque
744 2302 993 2351 praecipitIum
1023 2302 1187 2347 trahunt3
1211 2301 1297 2343 hoc,
1320 2300 1464 2348 inquam
1490 2305 1514 2320 “
1544 2297 1719 2347 quomodo
1748 2325 1771 2340 „
1797 2311 1815 2331 a
1844 2304 1875 2330 te

186 2364 407 2412 quaesitum,
430 2363 689 2399 evidentissime
712 2372 835 2412 patens
857 2363 999 2408 suisset3
1022 2362 1050 2397 si
1071 2376 1188 2410 reapse
1209 2361 1428 2410 quaesitum,
1448 2369 1481 2395 et
1502 2374 1575 2395 non
1596 2359 1711 2408 potius
1734 2371 1799 2393 ceu
1822 2357 1877 2391 de—

186 2424 302 2473 cipula
330 2424 507 2473 quaedam
534 2433 569 2459 et
598 2423 722 2459 callida
749 2424 971 2472 improbitas,
993 2423 1085 2472 apud
1115 2432 1147 2458 te
1175 2423 1366 2471 repositum
1394 2429 1477 2458 erat.

292 2485 410 2533 Atque
440 2492 480 2519 ut
509 2484 629 2519 eadem
649 2484 692 2519 de
714 2484 837 2519 iisdem
859 2485 961 2519 rebus
985 2491 1202 2519 resumentes
1230 2483 1407 2525 dicamus,
1428 2482 1521 2517 sicut
1546 2480 1726 2517 crucifixio
1750 2487 1783 2514 et
1805 2492 1876 2526 pas·

186 2545 237 2580 510
251 2574 260 2588 ,
285 2544 418 2581 Christi
441 2544 597 2588 dicitur,
620 2545 776 2593 itemque
800 2545 979 2593 sepultura
1000 2553 1033 2580 et
1053 2545 1206 2593 reliqua,
1228 2558 1273 2579 ne
1294 2543 1458 2592 prolixius
1479 2543 1580 2577 verba
1602 2542 1784 2582 faciamus,
1806 2552 1876 2574 mo-

189 2606 315 2641 dulum
343 2606 575 2649 excedentes,
599 2614 632 2641 et
662 2605 887 2641 audientium
913 2606 1057 2640 auribus
1085 2604 1279 2641 molestiam
1308 2613 1487 2647 creantes,
1509 2618 1628 2652 neque
1653 2603 1721 2637 iam
1740 2600 1875 2635 diutius

188 2681 298 2716 aeque
321 2682 360 2703 ac
384 2676 421 2702 111
442 2667 659 2713 sabulemurg
684 2667 767 2715 quia
792 2666 926 2702 Christi
947 2680 1075 2702 nomen
1098 2674 1302 2701 naturarum
1323 2665 1529 2701 dualitatem
1550 2662 1815 2712 complectitur,
1839 2673 1875 2694 ea

188 2741 279 2775 quae
301 2728 365 2763 uni
387 2729 617 2771 tribuuntur,
640 2727 738 2762 alteri
759 2742 902 2776 quoque
924 2727 1104 2763 accedent.
1135 2726 1239 2763 Certe
1261 2741 1347 2763 crux
1368 2726 1513 2762 nonnisi
1540 2723 1690 2760 hominis
1713 2730 1875 2756 naturam

271 2821 307 2849 (17
326 2819 406 2845 Hane
425 2818 545 2853 theologi
565 2819 651 2846 nostri
671 2818 768 2846 dicunt
787 2818 950 2846 idiomatum
971 2819 1259 2846 minmunicationem.

271 2864 308 2894 (⁵2)
327 2862 405 2890 Adde
424 2864 453 2890 in
473 2871 583 2898 graeco:
605 2866 662 2900 περί
683 2863 712 2890 ὧν
732 2866 798 2899 μετά
817 2866 906 2900 μικρὸν
929 2863 1070 2899 devicerat.

1901 296 1908 306 ⁴
1924 295 1941 315 Ι4
1957 295 2009 316 Cur.
2028 295 2042 315 1,
2062 298 2096 315 :3-

1903 965 1910 974 ’
1924 963 1938 983 1.
1949 963 1999 984 Cor.
2016 963 2073 984 vttt.
2086 968 2097 981 cz

1904 1147 1910 1152 ¹
1921 1143 1998 1164 matth.
2010 1144 2043 1164 xx
2053 1144 2067 1163 1.
2095 1147 2116 1164 11·-

1909 1637 1945 1654 tir.
1963 1641 1984 1660 μ.
2002 1637 2032 1654 17,
