2203 3331
170 617 244 635 tvtor
269 616 282 634 λ
313 619 328 635 Ι.

387 182 448 213 ita
972 189 998 211 s.
1027 190 1196 211 NtCEt’ltoitt
1224 189 1456 211 .xr01.o‹;i·:'11(:rs

383 249 420 281 ii„
442 245 700 292 impendentem
723 244 785 290 qui
805 243 984 279 doetrinae
1009 244 1194 279 tradendae
1215 242 1405 291 praefecti,
1428 256 1503 277 eam
1525 243 1741 279 subtrahunt.
1763 243 1852 291 Ergo
1875 245 2043 292 proposita

382 305 568 339 certamina
591 303 800 349 tulgi-essuri.
821 303 906 338 illud
927 305 1038 352 primo
1059 305 1151 352 quod
1174 304 1414 345 utilissimum,
1432 303 1537 337 immo
1556 304 1791 339 necessarium
1814 305 1847 338 in
1867 307 2042 352 praesenti

381 365 632 412 reputavimus.
657 364 772 411 paucis
794 378 963 412 exponere
985 366 1206 407 conabimur,
1227 372 1330 412 atque
1353 364 1396 398 ita
1419 363 1559 397 initium
1581 364 1712 406 facere,
1734 379 1794 412 pro
1815 365 1904 399 virili
1928 375 2042 414 parte,

379 426 567 472 argumenti
600 424 773 473 suseepti,
796 434 897 473 prout
926 426 973 460 ori
1004 435 1123 460 nostro
1151 439 1345 460 sermonem
1373 424 1471 459 Deus
1500 424 1789 472 suppeditaverit,
1815 427 1913 462 euius
1941 442 2041 461 causa

378 486 486 521 onmis
513 486 593 519 liat-e
618 485 776 519 tractatio
801 495 1058 529 commovetur,
1081 486 1166 521 dum
1191 495 1327 534 propter
1352 486 1424 520 eius
1448 494 1585 520 rectum
1610 485 1744 521 cultum
1767 487 1996 524 decertamus.

483 560 511 581 2.
545 545 705 580 l’rol'ecto
735 555 927 594 oporteret,
950 563 968 579 o
998 546 1173 589 homines,
1195 547 1411 595 quicumque
1440 545 1480 579 ad
1509 554 1694 580 extremam
1722 546 1843 581 horam
1871 547 1937 582 iam
1966 563 2043 597 pro-

379 606 572 654 pinquatis,
595 615 627 640 et
655 607 691 640 in
719 621 803 654 quos
832 607 1046 641 saeculorum
1076 607 1211 641 termini
1242 607 1334 642 iuxta
1362 606 1587 654 apostolieum
1608 606 1741 640 dietum
1762 608 1779 626 *³
1801 607 1866 641 iam
1894 608 2041 643 devene-

377 675 454 700 runt
488 666 726 712 (generaliter
748 667 840 701 enim
870 676 1013 701 cunctos
1039 667 1247 715 alloquimur
1265 670 1296 713 );
1320 681 1450 715 vosque
1472 668 1655 714 praecipue
1677 666 1738 714 qui
1759 681 1820 714 per
1844 668 2042 703 inconside-

378 727 523 761 rantiam
548 736 580 761 ct
603 728 762 775 propriae
793 727 1045 762 corrunoditaiis
1075 742 1225 762 amorem
1252 728 1388 774 longius
1417 727 1564 775 provecti
1594 727 1791 775 ‹lelapsique
1818 727 1918 773 estisg
1944 742 2042 775 opor-

378 795 483 823 teret..
507 787 647 835 inquam
662 816 668 825 ,
690 788 774 821 nihil
803 788 896 822 aliud
916 788 1085 822 ‚meditari
1114 802 1152 822 ae
1180 795 1359 836 reputare,
1382 787 1451 821 nisi
1475 796 1660 821 extremam
1690 787 1780 821 illam
1802 796 1835 822 et
1855 788 2038 823 maximam

376 847 489 889 diem,
508 861 575 895 qua
595 848 715 881 mundi
736 848 837 881 liuius
856 847 934 881 sinis
952 848 1014 881 vrit
1027 878 1033 890 ,
1051 861 1193 895 eamque
1213 848 1261 882 uti
1280 856 1495 895 praesentem
1515 856 1687 895 spectareg
1705 862 1771 881 nee
1790 861 1857 882 non
1878 862 2038 895 magnam

377 907 466 942 illam
495 908 753 955 terribilemque
777 908 895 941 tubam
917 907 1117 954 imaginari,
1140 908 1291 955 desuper
1313 907 1356 941 ad
1378 907 1536 942 omnium
1557 922 1658 943 aures
1680 908 1768 942 clara
1788 922 1870 943 voce
1893 917 2038 943 tremen-

375 968 455 1002 dum
481 968 566 1016 quid
590 977 621 1002 et
644 969 833 1002 infaustum
856 977 1099 1002 resonantem:
1124 977 1199 1016 post
1221 982 1325 1016 quam
1345 968 1502 1003 omnium
1523 969 1626 1004 iudex
1650 969 1883 1017 dominusque
1906 978 1940 1004 et
1961 970 2039 1004 uni-

374 1029 510 1063 versalis
529 1029 643 1071 Deus,
665 1042 744 1063 eum
763 1029 937 1063 beatarum
956 1029 1162 1076 spiritalium
1179 1029 1350 1063 virtutum
1371 1029 1616 1072 multitudine,
1637 1044 1784 1078 eumque
1807 1039 1951 1078 paterna
1969 1030 2038 1078 glo-

375 1089 444 1131 ria,
467 1090 508 1123 da:
532 1090 624 1123 eaelo
649 1089 738 1123 sieut
762 1089 945 1123 classicum
968 1090 1100 1124 cecinit
1120 1089 1251 1131 aderit,
1276 1098 1542 1137 creaturamque
1569 1104 1707 1124 omnem
1728 1091 1761 1124 in
1788 1091 1957 1126 iudicium
1981 1092 2037 1126 ad-

373 1151 497 1195 ducetg
524 1150 748 1197 singulosque
777 1158 881 1197 prout
908 1150 1057 1184 vixerint
1084 1150 1390 1195 remunerabitur,
1422 1158 1492 1184 tum
1523 1164 1602 1184 eum
1629 1150 1808 1193 videlieet,
1833 1152 1892 1198 qui
1922 1153 2036 1187 earnis

376 1219 508 1245 tantum
530 1211 778 1258 cupiditatibus
800 1211 966 1245 serviliter
985 1211 1144 1253 deditus,
1164 1211 1323 1259 nihilque
1345 1225 1447 1258 supra
1470 1225 1524 1245 res
1547 1211 1696 1245 visibiles
1718 1211 1889 1258 cogitans,
1909 1212 1951 1246 ad
1973 1221 2038 1246 ter-

372 1284 442 1304 ram
471 1285 600 1317 pronus
628 1271 809 1316 ineubuitg
830 1279 902 1304 tum
924 1271 1021 1305 illum
1042 1271 1100 1319 qui
1122 1271 1243 1319 spiritu
1268 1284 1407 1306 sursum
1429 1271 1537 1305 elato.
1560 1271 1686 1306 suturis
1707 1272 1811 1306 rebus
1832 1280 1912 1306 ante
1934 1272 2036 1306 etiam

371 1345 473 1379 quam
495 1331 575 1366 ltine
597 1332 779 1378 migraret,
803 1346 867 1366 ceu
894 1333 1128 1380 praesentibus
1156 1340 1307 1367 mentem
1328 1332 1504 1374 intendit,
1526 1332 1708 1381 divinique
1730 1333 1856 1367 amoris
1879 1333 1940 1367 alis
1959 1334 2036 1368 sub-

371 1401 508 1434 vectus,
531 1406 759 1440 supernarum
790 1392 983 1427 stationum
1010 1393 1260 1427 beatitudinem
1289 1392 1540 1440 contemplatus
1569 1402 1626 1429 est.
1656 1392 1718 1427 His
1733 1421 1741 1436 ,
1764 1394 1908 1441 inquam
1928 1394 2036 1441 magis

371 1452 577 1495 adhaerere,
600 1461 781 1500 motusque
806 1461 940 1487 nostros
964 1462 999 1487 et
1020 1453 1260 1488 inclinationes
1282 1453 1324 1487 ad
1346 1453 1486 1488 meliora
1502 1462 1609 1501 ‘atque
1630 1453 1771 1489 utiliora
1793 1462 1964 1501 oporteret
1985 1455 2034 1489 di-

371 1514 503 1559 rigere;
529 1514 723 1561 mentisque
753 1514 960 1557 sobrietate,
984 1523 1018 1548 et
1047 1513 1306 1561 cogitationum*
1322 1514 1493 1562 puritate,
1509 1510 1585 1549 ‘nec
1613 1529 1684 1549 non
1712 1515 1873 1561 vigilante
1900 1514 2032 1550 animae

372 1574 495 1615 oculo,
522 1574 692 1622 quicquid
721 1573 795 1608 Deo
824 1574 1058 1609 honorificum
1085 1575 1322 1622 placitumque
1351 1583 1418 1615 est,
1447 1574 1602 1622 operari:
1628 1583 1732 1623 atque
1761 1583 1799 1609 ut
1827 1576 2033 1622 compendio

370 1634 502 1670 dicam.
525 1634 697 1683 quiequid
725 1635 826 1669 saluti
849 1635 983 1670 animae
1008 1637 1161 1678 confert,
1183 1635 1217 1670 id
1245 1635 1341 1670 omni
1369 1635 1485 1670 studio
1507 1650 1566 1683 per
1587 1635 1721 1669 diiinae
1746 1635 1826 1682 legis
1853 1636 2034 1670 observan-

369 1695 453 1729 tiam
482 1696 641 1743 exsequi:
664 1709 744 1730 nam
765 1696 814 1731 sie
836 1696 1028 1743 contingit,
1052 1706 1090 1732 ut
1118 1697 1160 1731 ad
1188 1696 1258 1731 Dei
1286 1696 1575 1731 familiaritatem.
1596 1697 1632 1730 lii
1660 1697 1721 1745 qui
1749 1697 1795 1731 ita
1823 1711 1857 1731 se
1885 1706 2032 1743 gerunt,

370 1757 591 1802 perveniant,
614 1757 785 1804 sapientes
811 1757 884 1791 illas
912 1757 1084 1792 nimirum
1113 1758 1289 1793 imitantes
1315 1757 1489 1804 virgines,
1512 1772 1659 1806 suasque
1687 1758 1864 1805 lampades
1891 1758 2035 1806 copioso

369 1817 441 1850 oleo
464 1817 648 1851 instructas
670 1818 905 1853 aecendentes
919 1846 926 1860 ,
949 1827 986 1852 ut
1010 1819 1101 1853 bene
1130 1819 1315 1867 comparati
1337 1833 1464 1867 sponso
1486 1827 1673 1853 occurrant
1694 1819 1898 1866 intempesta
1919 1819 2034 1854 noetis

368 1878 448 1911 liora
477 1878 751 1925 supervenienti:
774 1879 820 1913 sic
849 1893 974 1927 nempe
1006 1880 1185 1915 indubiam
1214 1894 1308 1928 spem
1335 1881 1507 1921 foventes,
1531 1882 1602 1914 sore
1624 1888 1661 1913 ut
1685 1879 1720 1913 in
1745 1879 1870 1927 optatis
1893 1879 1958 1913 illis
1981 1894 2034 1928 pa—

370 1939 591 1986 tentibusque
621 1939 898 1986 patriarcharum
927 1940 1082 1983 sinibus,
1110 1941 1285 1989 beatisque
1314 1941 1380 1975 illis
1408 1941 1544 1975 sedibus
1572 1949 1606 1975 et
1633 1940 1906 1982 hereditatibus,
1931 1954 2034 1988 quae-

370 2013 520 2048 cumque
542 2000 685 2035 demum
707 2015 765 2035 eae
787 2010 872 2035 sunt
886 2030 893 2044 ,
917 2002 1135 2038 recumbant.
1164 2001 1259 2037 Haec
1273 2030 1281 2045 ,
1302 2002 1463 2050 inquam,
1486 2002 1573 2036 bona
1597 2001 1773 2048 diligenda
1799 2009 1902 2043 sunt,
1923 2001 1959 2035 in
1979 2001 2033 2035 his

368 2073 465 2094 mens
486 2060 687 2107 defigenda,
708 2075 762 2095 res
790 2061 888 2096 nulla
916 2062 1070 2110 denique
1093 2077 1182 2111 qnae
1212 2062 1346 2097 caduca
1375 2071 1408 2097 et
1436 2062 1537 2097 noxia
1564 2062 1606 2096 sit
1634 2062 1795 2096 curanda.
1824 2061 1897 2096 Hac
1919 2061 1949 2096 si
1969 2075 2032 2096 nos

368 2121 532 2168 sapientia
554 2122 696 2169 praediti
718 2123 907 2165 fuerimus,
932 2132 966 2157 et
988 2124 1036 2158 sic
1058 2123 1172 2158 vivere
1195 2123 1448 2158 decreverimus
1462 2152 1469 2165 ,
1494 2137 1748 2171 consequemur
1771 2122 1938 2171 equidem
1957 2137 2034 2170 pro-

328 2212 331 2214 ,
370 2181 466 2215 missa
496 2183 536 2216 ab
564 2196 602 2216 eo
624 2183 685 2230 qui
709 2197 779 2218 non
803 2184 972 2218 mentitur
992 2184 1161 2232 praemia.
1183 2194 1408 2232 paratamque
1432 2184 1474 2219 iis
1496 2184 1556 2232 qui
1584 2184 1693 2230 legem
1714 2184 1820 2231 ipsius
1849 2183 2032 2218 observant

368 2242 627 2278 beatitudinem.
657 2244 727 2277 &ed
750 2244 791 2277 de
812 2244 885 2286 bis,
909 2258 1117 2292 quamquam
1145 2246 1314 2287 breviter,
1338 2245 1420 2279 satis
1443 2244 1508 2279 iam
1529 2245 1713 2279 verborum
1737 2244 1890 2280 effluxit:
1916 2258 2031 2293 neque

368 2303 460 2336 enim
482 2303 644 2349 prolixius
665 2304 901 2339 disserendum
923 2314 990 2348 est,
1013 2305 1299 2354 quandoquidem
1320 2319 1516 2341 sermonem
1539 2305 1742 2340 huiusmodi
1765 2319 1925 2353 praesens
1948 2314 2033 2340 tem-

367 2377 430 2410 pus
452 2378 521 2397 non
545 2378 747 2412 magnopere
771 2366 908 2412 flagitat.
930 2366 1062 2401 Verum
1081 2367 1122 2401 de
1144 2367 1295 2401 subnatis
1317 2367 1457 2401 zizaniis
1476 2380 1514 2402 ac
1532 2367 1657 2414 spinis,
1677 2380 1762 2414 quas
1781 2366 1915 2400 virtutis
1936 2380 2031 2408 osor,

366 2437 567 2471 semperque
590 2424 637 2457 rei
661 2425 767 2459 bonae
795 2426 971 2468 imidens,
995 2435 1028 2461 et
1049 2441 1167 2475 pacem
1198 2428 1376 2462 christiani
1404 2427 1512 2474 gregis
1533 2427 1675 2462 minime
1704 2428 1840 2468 serens,
1862 2427 1952 2460 inter
1971 2440 2033 2473 pu-

366 2497 443 2517 rum
469 2484 689 2518 ecclesiastici
712 2486 781 2531 agri
802 2486 979 2529 triticum,
997 2488 1039 2521 ab
1062 2488 1256 2534 evangelieo
1280 2498 1311 2523 et
1333 2497 1478 2536 paterno
1497 2489 1601 2522 verbo
1620 2487 1794 2522 nutritum
1815 2495 1848 2521 et
1868 2495 2030 2529 auctum,

365 2545 463 2589 sevitg
484 2559 571 2592 quae
594 2558 716 2592 nempe
738 2547 852 2592 spinae
875 2547 962 2581 viam
982 2549 1069 2583 vitae
1094 2550 1290 2584 terentibus
1313 2549 1474 2584 crudeles
1495 2548 1680 2596 impietatis
1704 2547 1839 2582 aculeos
1860 2547 2030 2594 infigunt,

366 2604 636 2652 disputationem
665 2606 930 2652 auspicabimur.

470 2666 500 2700 3.
529 2664 681 2700 Sanctae
704 2675 858 2709 nostrae,
881 2682 970 2715 quae
993 2668 1059 2703 sola
1082 2683 1158 2703 vera
1183 2678 1255 2711 est,
1281 2668 1564 2704 Christianorum
1587 2668 1762 2715 religionis
1786 2668 1913 2702 iamdiu
1935 2677 2029 2702 reete

367 2727 480 2760 luerat
509 2726 895 2763 constituta·-do‹·t1·ina:
917 2742 1068 2777 namque
1091 2744 1107 2764 a
1129 2731 1341 2777 sapientibus
1363 2729 1444 2764 fidei
1465 2738 1603 2764 nostrae
1625 2729 1842 2772 architectis,
1864 2728 2031 2763 veritatis-

366 2800 431 2833 que
458 2786 700 2834 praeconibus,
723 2786 808 2820 divis
832 2787 973 2835 inquam
996 2798 1027 2823 et
1051 2790 1182 2824 eximiis
1203 2791 1381 2838 apostolis,
1404 2790 1618 2838 praeiaetum
1648 2789 1916 2825 fundamentum
1939 2796 2030 2825 erat:

366 2860 470 2894 quam
499 2847 656 2882 videlieet
683 2847 846 2882 fabricam
868 2848 922 2882 lex
944 2849 1022 2883 olim
1046 2859 1079 2884 et
1104 2852 1291 2898 prophetae
1314 2852 1554 2886 adumbratam
1576 2851 1855 2885 delinearet-ant.
1877 2848 2031 2896 angulari
