2203 3331
240 398 331 419 ‘unm
345 399 375 419 Xl
385 399 400 419 i.
415 402 431 421 t.

234 885 242 893 ·
258 884 271 905 Ι,
288 886 339 904 ‘'t-r.
357 883 371 904 l.
388 888 420 906 2.·-

230 1130 237 1140 ¹
255 1129 324 1150 Hrbr.
340 1130 376 1151 XI.
392 1133 412 1151 ὅ.

273 2353 311 2373 sir.
324 2358 348 2379 p.
364 2356 396 2374 76.

476 204 519 238 8ss
1015 214 1045 237 S-
1071 215 1243 238 Ntcssrnom
1270 215 1526 238 ANTIRRHETICL‘S
1553 217 1602 239 111.

470 265 647 315 postulare
668 274 707 301 ut
728 280 790 315 per
811 267 976 304 miracula
1005 277 1039 304 et
1065 270 1261 318 prodigiosa
1289 284 1394 317 opera
1423 270 1644 306 confirmatio
1666 271 1726 306 fiat
1747 285 1785 307 ac
1807 273 2076 313 demonstratio:
2099 275 2152 312 vel

469 327 624 375 denique
653 327 796 363 minime
819 329 945 364 habere
974 338 1159 366 nutantem
1187 331 1279 366 circa
1300 345 1356 366 res
1377 330 1587 379 principales
1617 334 1839 369 sententiam.
1868 334 2058 371 Iudaicum
2086 337 2151 373 hoc

470 397 715 436 argumentum
735 398 806 433 est,
824 399 858 425 ct
879 390 1145 427 incredulorum
1166 391 1305 427 malitia.
1329 390 1553 437 Quibusnam
1572 392 1658 427 dicit
1675 391 1854 429 Dominus
1871 396 1905 433 *ἢ
1926 409 1945 430 o
1967 398 2148 443 generatio

469 449 665 485 incredula!
688 450 830 498 signum
853 452 1006 500 quaeiit,
1030 461 1062 487 et
1083 453 1221 500 signum
1242 467 1313 487 non
1335 453 1475 487 dabitur
1497 453 1547 496 ei,
1569 453 1639 487 nisi
1662 453 1800 500 signum
1822 455 1925 490 Ionae
1947 458 2150 505 prophetae3

465 524 586 545 nonne
610 512 877 547 contumacibus
900 512 1036 548 ludaeis
1058 522 1091 548 et
1110 523 1231 549 sancto
1253 528 1389 562 semper
1411 514 1613 549 resistentes
1636 513 1813 562 Spiritui?
1835 516 1960 565 Neque
1983 518 2069 553 item
2091 533 2150 554 cu-

464 571 563 605 riosis
594 579 626 606 et
654 571 804 607 inficetis
832 572 1120 622 inquisitionibus
1148 583 1284 623 oportet
1311 588 1376 609 nos
1404 574 1537 623 abripi,
1566 588 1655 623 quae
1684 576 1872 611 verborum
1902 579 2147 614 contentiones

463 639 498 666 et
519 632 752 679 garrulitatem
780 634 893 682 potius
922 643 1092 682 generant
1118 649 1223 683 quam
1252 636 1445 683 proficuam
1473 635 1669 684 utilemque
1698 635 1913 673 doctrinam:
1937 651 2051 687 neque
2079 639 2148 674 dia-

460 691 599 728 lecticis
628 694 796 729 methodis
824 695 866 729 ad
896 694 1182 730 demonstrativas
1212 696 1456 731 conclusiones
1489 696 1668 744 pergendo
1698 710 1760 746 per
1788 697 1990 732 artificiosos
2019 701 2146 746 captio-

462 767 585 802 sosque
606 768 805 798 sermones,
828 755 868 790 ad
897 755 961 790 hoc
990 769 1101 802 genus
1130 756 1395 804 persuasionum
1423 758 1635 804 confugere,
1658 771 1750 806 quae
1780 758 1822 792 ad
1847 772 2060 793 consensum
2086 773 2146 794 au-

459 814 600 850 dientes
626 815 793 850 violenter
816 815 969 863 adigunt.
998 815 1149 851 Prorsus
1177 816 1241 851 hoe
1271 817 1497 853 ethnicorum
1526 826 1574 852 est
1602 826 1705 866 atque
1732 818 1928 854 infidelium
1952 821 2143 856 inventum.

457 874 603 912 Etenim
628 876 721 911 sicut
745 876 869 911 ludaei
894 876 1036 923 signum
1060 885 1208 925 petunt,
1231 877 1278 912 ita
1303 878 1435 913 ethnici
1458 879 1667 927 sapientiam
1692 888 1868 927 quaerunt
1891 881 1918 915 ἢ.

560 951 591 972 2.
620 937 729 972 Nobis
757 951 860 980 vero,
888 937 1016 985 quibus
1043 938 1130 972 fides
1158 938 1195 972 in
1224 938 1355 973 honore
1387 947 1458 982 est,
1483 940 1571 975 fides
1600 940 1670 988 ipsa
1701 940 1843 975 initium
1870 955 1909 975 ac
1937 941 2144 976 fundamen-

455 1006 529 1032 tum
550 997 669 1033 salutis
692 1006 831 1033 nostrae
854 998 1109 1042 constituatur,
1132 998 1232 1034 unde
1253 999 1295 1033 ad
1317 1013 1466 1048 scopum
1487 1001 1661 1049 finemque
1687 1010 1903 1049 speratarum
1925 1015 2041 1036 rerum
2062 1016 2142 1036 con-

452 1059 638 1095 tendimus.
669 1058 849 1104 Quoniam
875 1073 956 1094 vero
986 1059 1071 1094 fides
1102 1073 1143 1094 ex
1170 1059 1297 1095 auditu
1327 1068 1397 1103 est,
1428 1061 1569 1096 credere
1598 1071 1739 1109 oportet
1765 1063 1878 1110 primo
1908 1063 2141 1098 accedentem

449 1118 544 1167 quod
573 1118 670 1153 Deus
690 1118 756 1162 sit,
779 1127 811 1153 et
832 1119 927 1168 quod
956 1119 1227 1168 inquirentibus
1250 1134 1285 1155 se
1308 1129 1553 1156 remunerator
1577 1121 1619 1156 sit
1646 1123 1683 1168 *⁸3
1709 1122 1851 1157 credere
1873 1124 2017 1171 inquam
2044 1137 2142 1170 opor-

448 1188 518 1222 tet,
542 1193 615 1214 non
644 1179 829 1222 resistere,
852 1179 912 1214 sed
942 1193 1023 1214 eum
1050 1180 1119 1215 fide
1148 1180 1316 1216 accedere
1332 1209 1340 1224 ,
1362 1189 1395 1216 et
1422 1181 1607 1216 docilitatis
1634 1183 1793 1217 fructum
1816 1183 2006 1231 percipere.
2032 1183 2137 1218 Fides

447 1240 543 1275 enim
571 1249 643 1283 est,
664 1240 754 1276 liber
774 1254 790 1275 a
813 1240 1138 1276 ratiocinationibus
1164 1250 1198 1277 et
1219 1242 1425 1277 incuriosus
1446 1243 1622 1279 adsensus.
1652 1242 1737 1278 Ideo
1763 1243 1830 1278 fide
1853 1244 1895 1278 ad
1917 1244 2064 1290 gratiam
2086 1258 2140 1278 ac-

446 1301 602 1336 ceditnus
616 1330 623 1343 ,
645 1315 731 1350 quae
753 1301 871 1336 divino
894 1302 1050 1337 adflante
1074 1300 1213 1350 Spiritu
1234 1302 1271 1337 in
1293 1303 1477 1339 animabus
1501 1303 1660 1339 fidelium
1687 1303 1865 1351 gignitur:
1889 1318 1971 1340 cum
1991 1303 2138 1339 liberam

444 1362 539 1397 omni
567 1361 818 1397 incredulitate
846 1370 1002 1397 mentem
1030 1362 1206 1410 gerimus,
1227 1371 1261 1398 et
1289 1363 1326 1398 in
1353 1363 1576 1412 simplicitate
1606 1363 1719 1399 cordis
1744 1364 1882 1399 sincere
1905 1378 1943 1399 ac
1966 1365 2040 1399 sine
2066 1364 2138 1399 ulla

444 1423 674 1471 inquisitione
697 1423 841 1458 traditas
863 1423 1055 1458 catholicae
1079 1423 1242 1459 ecelesiae
1271 1424 1451 1459 doctrinas
1480 1433 1658 1473 tamquam
1680 1424 1797 1459 divina
1824 1425 2000 1472 fulgentes
2029 1424 2137 1472 gratia

442 1484 650 1532 suscipimus
668 1512 676 1527 ,
706 1497 845 1519 omnem
872 1484 1099 1520 dubitationis
1127 1498 1277 1520 naevum
1304 1484 1552 1533 maculamque
1581 1485 1828 1531 abstergentes.
1856 1486 2011 1521 Morbus
2040 1486 2136 1521 enim

442 1545 599 1580 omnium
627 1546 794 1593 pessimus
823 1545 1076 1587 incredulitas,
1101 1545 1323 1594 insipientiae
1351 1545 1494 1580 initium
1510 1574 1517 1588 ,
1542 1554 1576 1580 et
1600 1545 1810 1593 perditionis
1834 1560 1947 1582 causa.
1978 1545 2019 1580 Si
2041 1546 2135 1581 enim

441 1620 512 1641 non
542 1606 787 1650 credideritis,
816 1607 934 1655 inquit
962 1606 1141 1655 scriptura
1171 1608 1212 1649 2¹³,
1243 1620 1290 1641 ne
1321 1606 1525 1654 intelligetis
1553 1606 1705 1655 quidem.
1734 1606 1877 1642 Etenim
1906 1606 2134 1642 incredulitas

441 1667 570 1701 nullam
593 1667 724 1715 patitur
750 1681 851 1702 verae
880 1667 1058 1714 religionis
1085 1667 1284 1702 doctrinam
1310 1682 1397 1716 pure
1426 1667 1602 1716 excipere:
1627 1667 1801 1702 dubitatio
1829 1676 1950 1702 autem
1976 1667 2135 1716 splendo-

440 1741 518 1763 rem
537 1728 697 1763 veritatis
721 1728 931 1771 obscurans,
955 1742 1021 1763 ceu
1044 1729 1173 1763 nebula
1195 1728 1370 1777 quaedam
1391 1729 1453 1763 soli
1476 1729 1741 1772 intercurrens,
1763 1742 1836 1763 non
1862 1728 1946 1763 sinit
1971 1742 2057 1777 pure
2080 1727 2134 1762 in-

439 1787 621 1824 tellectum
651 1802 796 1832 eorum,
819 1789 879 1838 qui
909 1798 1032 1836 egent,
1055 1789 1257 1825 illuminari.
1286 1789 1347 1824 Est
1376 1789 1484 1836 igitur
1513 1789 1747 1837 exploratum,
1773 1789 1863 1823 nihil
1892 1803 1968 1824 esse
1996 1789 2131 1823 firmius

439 1863 477 1885 ac
499 1850 611 1885 tutius
634 1864 738 1898 quam
759 1850 905 1885 initium
926 1864 945 1885 a
968 1851 1035 1885 fide
1058 1850 1200 1885 ducere.
1224 1849 1404 1896 Quaerere
1426 1859 1541 1885 autem
1563 1850 1658 1884 initii
1680 1850 1842 1892 initium,
1864 1858 1897 1884 et
1917 1849 2131 1883 demonstra-

437 1912 542 1947 tionis
563 1912 921 1955 demonstrationem,
942 1912 1028 1961 quid
1058 1912 1153 1947 aliud
1176 1920 1224 1947 est
1245 1925 1351 1960 quain
1379 1911 1462 1947 fidei
1490 1912 1595 1946 fidem
1623 1912 1817 1960 quaerere?
1841 1924 1906 1959 qua
1928 1910 2071 1958 quidem
2093 1923 2129 1944 re

435 1972 524 2007 nihil
546 1973 706 2008 insanius
736 1981 786 2007 est
813 1973 963 2020 magisve
994 1972 1191 2008 ridiculum.
1220 1972 1427 2020 Numquam
1457 1972 1554 2006 enim
1580 1971 1719 2006 habebit
1746 1972 1848 2005 homo
1871 1971 1932 2005 ubi
1963 1970 2129 2004 consistat

436 2047 612 2082 suumque
642 2033 874 2069 ratiocinium
902 2033 1052 2080 defigat,
1075 2033 1219 2081 siquod
1248 2033 1438 2068 inventum
1469 2041 1538 2075 est,
1562 2032 1603 2067 ad
1628 2032 1730 2067 aliam
1760 2040 1903 2078 cogatur
1930 2030 2129 2079 inquisitio-

435 2109 525 2130 nem.
553 2095 675 2143 Itaque
704 2104 820 2143 postea
843 2107 947 2143 quam
968 2102 1142 2142 quantum
1170 2094 1318 2142 quisque
1340 2094 1429 2128 volet
1450 2093 1664 2142 exquirendo
1687 2107 1720 2127 se
1744 2093 1932 2134 attriverit,
1955 2091 1997 2126 ad
2019 2091 2127 2126 fidem

435 2155 578 2191 demum
607 2170 672 2192 ceu
701 2157 741 2191 ad
770 2165 888 2192 tutum
911 2155 1127 2204 principiUm
1157 2156 1346 2203 confugiet.
1376 2155 1540 2204 Namque
1567 2154 1759 2189 incredulis
1781 2154 1817 2188 in
1839 2153 2017 2188 infinitum
2043 2153 2127 2188 stul-

434 2217 507 2252 titia
534 2218 723 2266 procedet,
748 2227 783 2253 et
810 2232 990 2267 nusquam
1019 2217 1230 2261 consistent,
1253 2217 1313 2252 scd
1342 2218 1377 2252 in
1406 2225 1514 2252 semet
1539 2217 1624 2265 ipsis
1648 2224 1882 2251 conterentur
1903 2224 2009 2264 atque
2037 2215 2126 2263 peri-

434 2277 527 2312 bunt
550 2288 693 2326 propter
717 2292 816 2314 suam
841 2279 1087 2314 infidelitatem
1111 2287 1146 2313 et
1168 2278 1297 2313 durum
1321 2292 1380 2313 cor
1408 2279 1470 2326 (1).

538 2340 569 2374 3.
597 2338 774 2388 Deinceps
797 2340 863 2375 iam
884 2340 1057 2383 dicimus,
1080 2339 1251 2388 pingendi
1275 2338 1408 2374 Christi
1433 2353 1473 2374 ac
1498 2337 1670 2385 figurandi
1695 2350 1848 2379 morem,
1871 2336 1965 2371 haud
1987 2350 2004 2370 a
2024 2336 2124 2371 nobis

431 2398 575 2434 initium
603 2401 753 2448 cepisse,
775 2415 891 2449 neque
919 2409 1028 2436 aetate
1051 2410 1167 2435 nostra
1187 2409 1415 2448 susceptum,
1438 2414 1555 2448 neque
1584 2398 1804 2434 neotericum
1826 2411 1899 2432 esse
1928 2397 2122 2433 inventum.

430 2458 616 2508 Temporis
644 2462 887 2497 auctoritatem
916 2463 1016 2497 habet
1045 2461 1207 2510 pictura,
1228 2461 1440 2510 antiquitate
1469 2459 1758 2502 commendatur,
1785 2458 1999 2505 evangelicae
2026 2472 2123 2506 prae-

430 2520 602 2555 dicationi
633 2531 819 2557 coaetanea
841 2532 912 2569 est3
938 2523 1067 2558 idcirco
1088 2522 1298 2558 venerabilis
1329 2531 1379 2557 est
1401 2536 1439 2557 ac
1461 2521 1631 2569 religiosa.
1660 2519 1778 2568 Atque
1801 2527 1842 2554 ut
1863 2519 2002 2554 brevius
2027 2518 2122 2554 adse·

431 2582 677 2631 verantiusque
701 2583 834 2629 dicam3
859 2584 940 2632 quia
963 2584 1115 2632 symbola
1137 2584 1221 2619 fidei
1242 2592 1379 2619 nostrae
1402 2591 1484 2618 sunt
1504 2583 1570 2617 hae
1597 2581 1748 2616 visibiles
1776 2580 1967 2627 iniagineS‚
1989 2594 2120 2628 eaeque

431 2657 502 2678 una
525 2657 605 2678 cum
627 2643 694 2677 fide
716 2643 780 2677 iam
807 2644 888 2678 inde
910 2658 927 2679 a
949 2645 1154 2693 primordiis
1177 2653 1360 2687 constant,
1379 2643 1553 2692 simulque
1578 2650 1781 2688 creveruntg
1800 2641 1959 2689 sequitur
1980 2649 2021 2676 ut
2043 2654 2121 2688 apo-

511 2768 546 2797 (tt
565 2765 648 2793 vides
667 2765 789 2800 pulcram
816 2766 949 2797 ,cenninae
969 2768 1188 2794 Christianorum
1214 2766 1278 2794 fidei
1302 2766 1533 2800 descriptionem,
1554 2764 1655 2791 nostris
1679 2771 1787 2799 quoque
1810 2763 1979 2798 temporibus
2003 2762 2121 2789 maxime

430 2809 565 2837 idoneam.
586 2811 708 2844 Legatur
727 2814 819 2836 autem
840 2810 893 2837 divi
915 2819 1022 2846 quoque
1042 2812 1137 2846 Cyrilli
1157 2812 1273 2846 insignis
1293 2811 1344 2838 hac
1362 2818 1445 2845 super
1464 2818 1492 2836 re
1511 2809 1603 2841 locus,
1619 2808 1698 2835 nobis
1717 2808 1752 2835 ab
1770 2808 1830 2843 ipso
1849 2807 2001 2842 Nicephoro
2019 2814 2118 2841 suppe-

431 2854 532 2881 ditatus
551 2855 579 2881 in
599 2854 766 2889 apologetice
788 2855 889 2881 maiore
910 2863 970 2889 pag,
989 2864 1028 2887 ar.
1048 2860 1111 2888 1:37,
1133 2864 1214 2890 quem
1235 2863 1285 2882 nos
1304 2855 1441 2891 propriam
1461 2861 1569 2889 quoque
1589 2853 1616 2880 in
1635 2852 1727 2880 sedem
1747 2852 1955 2884 transtulimus,
1971 2858 2069 2888 nempe
2087 2852 2118 2879 in

430 2899 648 2933 explanationem
668 2898 763 2934 Cyrilti
783 2899 812 2925 in
832 2898 910 2933 epist.
932 2898 965 2925 ad
986 2900 1065 2926 Rom.
1087 2907 1149 2934 pag.
1172 2899 1220 2926 lat.
1241 2903 1284 2925 27.
1306 2907 1370 2926 cum
1389 2897 1484 2925 adnot.
