2203 3331
342 150 412 184 270

338 225 460 255 Heraclii
481 225 551 260 imp.
576 222 639 250 laus
662 229 691 258 p.
716 225 781 249 144.

341 275 436 302 Honor
448 272 558 300 delatus
570 270 745 308 imaginibus
758 271 850 307 gratia
869 271 994 308 quadam
1015 271 1158 301 honoran-

397 324 438 349 tes
460 322 543 348 ornat
563 327 591 355 p.
618 323 686 347 235.
712 319 789 355 (Hoc
810 322 909 348 contra
933 320 1018 357 illos,
1040 322 1089 358 qui
1111 322 1156 349 ni-

398 369 438 396 hil
469 369 586 396 omnino
614 367 747 404 prodesse
775 369 888 397 animae
917 376 962 397 res
991 368 1158 398 huiusmodi

394 417 523 453 dicunt.)

340 468 482 495 lionorius
501 474 574 502 papa
594 473 651 493 non
676 467 793 502 ponitur
813 467 886 494 inter
906 466 1115 496 Monothelitas
1142 475 1159 495 a

394 514 554 551 Nicephoro
573 523 602 550 p.
629 519 694 542 171.
718 515 785 543 adn.

339 564 511 601 Hypsistarii
536 563 671 591 haeretici
695 572 724 599 p.
755 567 799 591 16.

746 661 758 688 Ι

342 759 469 787 iconium
493 757 554 786 dies
575 757 665 786 festus
686 757 947 786 Alexandrinorum
965 765 1016 786 cur
1038 766 1066 794 p.
1094 763 1160 786 144.

343 807 524 836 Iconomachi
545 810 661 844 patrum
690 808 795 843 scripta
820 806 1042 843 corrumpebant
1066 816 1095 844 p.
1115 812 1161 835 16.

402 861 450 884 95.
473 860 537 884 161.

343 904 525 932 lconomachi
550 902 757 941 phantasiastis
779 903 886 931 similes
908 912 936 940 p.
962 908 1009 932 32.
1033 903 1164 941 Suspeeti

402 952 437 980 de
453 953 565 980 haeresi
586 952 724 980 adversus
744 951 934 979 eucharistiae
945 951 1051 989 dogma
1066 960 1093 988 p.
1115 956 1162 980 68.

403 1009 467 1028 cum
488 1000 556 1028 adn.
580 1003 608 1028 et
628 1009 655 1036 p.
681 1004 727 1027 69.
750 999 853 1027 Hostes
873 999 904 1026 B.
930 1000 1059 1036 Mariae,
1078 1008 1164 1036 quam

404 1049 551 1085 deiparam
573 1048 717 1084 negabant
735 1056 764 1084 p.
790 1051 836 1075 71.
853 1047 968 1083 Indigni
983 1056 1101 1084 prorsus
1115 1056 1166 1076 no-

404 1099 481 1125 mine
502 1097 724 1125 christianorum
745 1105 775 1132 p.
803 1100 869 1124 122.
887 1100 955 1124 249.
979 1096 1099 1124 Crucem
1123 1100 1166 1125 ta-

406 1154 471 1173 men
493 1145 674 1173 honorabant
694 1153 722 1180 p.
750 1148 815 1172 106.
829 1144 939 1172 infensi
959 1148 1042 1173 erant
1065 1152 1168 1172 mona-

406 1194 504 1222 chatui
515 1202 543 1230 p.
564 1198 629 1221 142.
649 1202 715 1222 cum
732 1193 800 1221 adn.
817 1193 1000 1222 [conomachi
1014 1196 1106 1222 aetate
1122 1193 1170 1221 Ni-

405 1244 521 1279 cephori
540 1242 668 1270 nondum
692 1242 834 1278 perfectos
853 1245 947 1270 sectae
971 1250 1040 1270 suae
1064 1245 1170 1270 tracta-

408 1295 455 1321 tus
476 1291 621 1319 habebant
640 1300 668 1327 p.
688 1295 752 1319 161.

350 1340 551 1369 Iconomachia
570 1340 620 1368 abs
638 1339 751 1367 Iudaeis
770 1342 798 1367 et
813 1339 961 1367 Saracenis
982 1341 1046 1367 orta
1057 1347 1086 1375 p.
1103 1343 1168 1368 146.

410 1390 573 1417 Romanum
595 1389 748 1424 imperium
771 1387 872 1415 divisit
891 1395 919 1423 p.
946 1391 1012 1414 145.

352 1438 606 1466 Iconomachorum
633 1437 758 1464 haeresis
778 1436 831 1464 sub
858 1436 952 1463 Leone
980 1437 1109 1463 armenio
1128 1443 1171 1464 re-

411 1486 579 1514 crudescens
606 1494 634 1521 p.
659 1489 725 1513 161.
745 1489 811 1512 173.
840 1484 945 1512 Eorum
968 1484 1047 1512 furor
1072 1483 1173 1512 adver—

411 1544 460 1563 sus
477 1543 559 1563 sacra
579 1533 709 1562 aedificia
730 1537 757 1561 et
780 1532 894 1569 opificia
912 1541 940 1569 p.
965 1537 1033 1560 231.

353 1583 608 1612 iconomachorum
635 1590 729 1610 mores
756 1582 873 1618 pessimi
895 1581 951 1609 late
974 1581 1175 1609 describuntur

413 1640 442 1668 p.
467 1636 532 1660 130.
560 1640 638 1667 seqq.
666 1634 732 1658 157.
758 1634 824 1658 163.
848 1634 913 1657 164.
932 1629 1018 1658 Multi
1039 1631 1175 1666 impensis

413 1681 535 1717 publicis
557 1680 658 1708 nutriti
676 1688 704 1715 p.
733 1683 800 1706 153.

356 1731 498 1758 idiomata
519 1729 625 1757 Christi
647 1731 778 1756 accurate
799 1730 983 1763 exponuntur
1002 1735 1032 1763 p.
1053 1730 1099 1754 60.
1114 1734 1174 1762 seq.

356 1779 552 1807 Idololatriam
580 1786 598 1806 a
621 1777 841 1806 Christianismo
870 1776 993 1804 deletam
1021 1775 1111 1804 fuisse
1136 1775 1176 1803 la-

416 1829 525 1856 tissime
541 1828 753 1855 demonstratur
774 1835 802 1862 p.
828 1829 895 1853 181.
918 1834 997 1862 seqq.

361 1879 422 1906 lesu
448 1877 567 1905 infantis
590 1884 623 1904 ae
646 1877 746 1903 matris
774 1876 915 1911 imagines
935 1874 1086 1902 Persarum
1107 1881 1177 1909 rex⁷

419 1928 506 1953 misso
519 1927 625 1961 pictore
637 1947 644 1961 ,
659 1925 713 1953 sibi
733 1924 794 1952 fieri
814 1923 959 1959 voluisse,
981 1923 1119 1951 traditum
1137 1925 1179 1949 est

419 1983 448 2010 p.
479 1979 542 2002 120.

363 2023 470 2051 lezidus
491 2022 604 2059 calipha
630 2022 706 2050 dirui
731 2023 812 2049 iussit
830 2021 1060 2049 Christianorum
1082 2027 1180 2048 sacras

422 2072 560 2107 imagines
577 2079 605 2107 p.
632 2074 697 2098 146.

366 2120 461 2156 imago
480 2119 638 2147 Servatoris
664 2119 700 2146 ad
722 2118 870 2154 Abgarum
891 2118 979 2145 missa
1001 2125 1029 2153 p.
1058 2121 1104 2144 17.
1131 2120 1177 2151 36,

422 2168 470 2196 ubi
489 2168 592 2195 videsis
607 2168 674 2196 adn.
698 2167 770 2195 Item
790 2175 819 2202 p.
844 2170 911 2193 120.

366 2216 464 2252 Imago
480 2224 523 2243 res
542 2219 584 2243 est
598 2216 711 2243 diversa
731 2215 767 2242 ab
781 2214 857 2242 idolo
872 2222 901 2250 p.
917 2217 964 2241 45.
980 2212 1022 2241 De
1038 2214 1181 2250 imagine,

426 2264 581 2301 archetypo
595 2286 602 2300 ,
624 2268 652 2292 et
673 2266 826 2301 prototypo
848 2271 877 2299 p.
901 2267 949 2290 45.
975 2268 1024 2290 40.

368 2313 528 2349 lmaginum
553 2314 697 2340 veneratio
716 2312 820 2349 quibus
851 2313 945 2339 causis
972 2310 1184 2347 impellentibus

427 2361 477 2389 fiat
498 2370 525 2397 p.
551 2366 599 2389 91.

371 2410 532 2446 imaginum
553 2409 739 2445 profanarum
763 2410 854 2437 honor
876 2409 977 2437 suadet
993 2408 1076 2436 nobis
1097 2408 1185 2435 hono-

429 2465 488 2485 rem
508 2458 666 2493 imaginum
684 2466 831 2485 sacrarum
849 2465 877 2493 p.
903 2462 968 2485 129.

374 2506 470 2542 imago
496 2505 609 2533 Domini
642 2506 853 2533 demonstratur
884 2505 1074 2534 xenerabilior
1105 2513 1188 2533 cruce

432 2563 460 2590 p.
486 2558 623 2581 106-108.

377 2603 616 2638 incircumscripti
627 2602 809 2636 vocabulum.
822 2606 1022 2638 argumentum
1036 2606 1098 2630 erat
1109 2610 1189 2638 prae-

434 2653 550 2687 cipuum
562 2651 819 2678 iconomachorum
842 2660 869 2686 p.
891 2656 935 2679 16.
955 2656 1001 2678 27.
1020 2656 1067 2679 48.
1085 2655 1113 2679 et
1127 2660 1189 2688 pas-

437 2702 501 2728 sim.

378 2750 522 2776 invocatio
535 2748 610 2784 apud
623 2749 760 2782 imagines
775 2748 944 2775 Sanctorum
966 2751 1013 2784 pia
1026 2752 1069 2777 est
1082 2759 1109 2786 p.
1127 2754 1192 2777 126.

377 2797 516 2824 iohannes
538 2796 742 2824 iconomachus
765 2797 895 2831 pertinax
918 2805 944 2831 p.
970 2800 1036 2824 268.

380 2845 517 2873 lohannes
541 2845 757 2882 chrysostomus
776 2845 880 2872 citatus
904 2853 931 2879 p.
957 2850 984 2871 8.
1011 2850 1058 2873 90.

1137 158 1234 180 INDEX

1212 223 1349 252 Iohannis
1376 223 1459 252 siculi
1488 223 1650 262 fragmenta
1668 224 1725 254 duo
1751 234 1787 254 ex
1812 225 1948 254 chronico
1972 234 2030 254 ms.

1271 281 1299 309 p.
1329 276 1396 300 141.
1420 272 1488 301 adn.
1509 276 1538 301 et
1558 281 1586 309 p.
1610 277 1676 301 147.

1213 321 1289 349 iovis
1312 321 1556 358 metamorphoses
1581 330 1610 358 p.
1638 326 1703 350 194.

1213 371 1308 399 irenes
1329 373 1467 407 augustae
1490 371 1661 399 orthodoxia
1681 380 1710 408 p.
1734 380 1762 408 p.
1786 376 1851 400 1:35.

1214 420 1340 449 Isidorus
1361 421 1501 457 pelusiota
1521 423 1626 449 citatus
1649 429 1677 457 p.
1702 426 1769 449 234.

1214 468 1337 498 Iudaeus
1351 469 1513 498 tiberiensis
1525 477 1611 498 causa
1625 469 1680 498 fuit
1695 470 1909 499 iconomachiae
1919 479 1947 507 p.
1967 474 2033 498 146.

1273 518 1405 546 Eiusdem
1430 526 1522 554 poena
1537 526 1566 554 p.
1590 522 1656 546 147.

1216 567 1316 595 Iudicii
1338 568 1458 595 extremi
1480 568 1568 595 timor
1589 566 1724 595 suadetur
1746 575 1774 603 p.
1802 572 1866 595 150.

1217 615 1367 643 Iustiniani
1389 616 1486 652 magni
1508 615 1571 643 laus
1590 623 1619 651 p.
1648 619 1714 643 144.

1216 663 1392 691 lastinianus
1413 663 1640 699 (rhinotmetus)
1655 663 1816 691 canonibus
1827 663 1959 691 trullanis
1975 663 2042 691 sub-

1276 713 1391 748 scripsit
1408 720 1437 748 p.
1460 716 1505 740 11.

1621 782 1643 810 L

1218 857 1316 886 Laicis
1332 858 1516 886 interdictum
1530 857 1566 886 de
1584 856 1766 894 dogmatibus
1782 856 1929 893 disputare
1946 864 1974 892 p.
1992 860 2040 884 20.

1219 906 1323 943 Legem
1344 906 1416 934 nihil
1438 906 1516 934 aliud
1539 914 1600 934 esse
1621 914 1708 942 quam
1731 907 1868 942 scriptam
1890 909 2043 933 consuetu-

1278 955 1375 982 dinem
1395 954 1464 982 dicit
1483 954 1661 990 Nicephorus
1683 963 1711 991 p.
1736 958 1785 981 90.

1220 1004 1277 1032 Leo
1299 1004 1440 1031 isauricus
1460 1003 1663 1031 iconomachus
1683 1012 1713 1039 p.
1736 1008 1763 1030 2.
1789 1007 1854 1030 147.

1221 1052 1351 1080 Litaniae
1365 1054 1393 1078 et
1415 1051 1636 1087 supplicationes
1660 1051 1695 1079 ad
1714 1051 1832 1079 definita
1854 1051 1917 1078 loca
1937 1050 2044 1078 ductae

1281 1108 1310 1136 p.
1338 1104 1386 1127 90.

1617 1171 1647 1199 M

1225 1247 1344 1276 Macarii
1364 1247 1580 1284 chrysocephali
1600 1249 1735 1282 excerpta
1749 1254 1777 1282 p.
1796 1249 1844 1273 25.
1864 1249 1910 1273 26.
1930 1248 1977 1272 27.
1994 1248 2045 1272 29.

1286 1300 1333 1324 31.
1351 1300 1398 1324 32.
1417 1300 1464 1324 34.
1484 1300 1532 1324 38.
1551 1299 1598 1323 39.
1619 1300 1667 1323 44.
1685 1300 1733 1323 46.
1752 1299 1799 1322 50.
1821 1299 1868 1322 64.
1888 1298 1934 1321 72.
1953 1297 2001 1321 96.

1226 1344 1305 1381 Magi
1327 1344 1490 1372 adoratores
1512 1345 1592 1380 pueri
1615 1343 1677 1371 lesu
1698 1345 1779 1370 erant
1797 1350 1896 1378 persae
1910 1350 1939 1378 p.
1958 1345 2006 1369 94.

1227 1392 1389 1421 Manichaei
1410 1395 1495 1429 atque
1522 1392 1622 1420 Ariani
1649 1391 1904 1419 Iconomachorum
1924 1391 2048 1426 antesig-

1287 1442 1357 1469 nani
1377 1449 1406 1477 p.
1432 1445 1498 1468 120.
1525 1444 1590 1467 136.
1618 1443 1683 1467 159.

1228 1489 1464 1518 Manichaeorum
1490 1497 1599 1517 errores
1622 1497 1650 1524 p.
1678 1492 1742 1516 118.
1766 1492 1832 1515 245.
1851 1490 1879 1515 et
1902 1487 1982 1515 alibi.

1229 1538 1465 1566 Manichaeorum
1485 1538 1542 1565 duo
1563 1537 1704 1574 principia
1726 1545 1752 1572 p.
1775 1540 1824 1563 93.
1848 1540 1916 1563 251.

1230 1586 1465 1615 Manichaeorum
1486 1588 1515 1614 et
1533 1585 1706 1613 Arianorum
1727 1584 1791 1612 libri
1813 1592 1841 1620 p.
1867 1588 1932 1612 120.

1230 1635 1361 1664 Marcion
1379 1643 1445 1663 cum
1462 1634 1576 1662 Manete
1597 1634 1779 1661 consentiens
1799 1641 1827 1668 p.
1849 1637 1918 1660 127.

1233 1683 1343 1712 Mariae
1364 1683 1495 1719 deiparae
1512 1683 1679 1710 intercessio
1692 1681 1768 1718 apud
1784 1681 1875 1709 Deum
1895 1689 1924 1717 p.
1944 1684 1989 1708 19.
2003 1684 2050 1707 71.

1292 1733 1386 1760 Maria
1405 1732 1440 1760 de
1461 1731 1580 1759 Davidis
1599 1732 1685 1767 stirpe
1696 1739 1724 1766 p.
1741 1735 1808 1758 205.
1822 1738 1888 1758 cum
1903 1730 1970 1757 adu.

1233 1781 1406 1819 Martyrium
1427 1782 1456 1808 in
1477 1780 1632 1808 schismate
1649 1788 1707 1807 non
1729 1778 1842 1815 prodest
1869 1787 1898 1814 p.
1924 1782 1954 1806 9.

1235 1830 1378 1867 Martyres
1399 1830 1498 1857 statim
1522 1837 1539 1857 a
1560 1828 1701 1864 supplicio
1724 1829 1754 1854 in
1777 1827 1886 1855 caelum
1908 1826 2055 1854 evolantes

1293 1887 1321 1915 p.
1351 1882 1417 1906 125.

1235 1927 1397 1963 Martyrum
1419 1927 1534 1962 copiosa
1554 1925 1680 1953 laudatio
1702 1934 1730 1960 p.
1757 1929 1820 1952 123.
1845 1932 1905 1960 seq.

1236 1975 1374 2003 Methodii
1394 1975 1574 2009 patriarchae
1594 1973 1713 2009 epistola
1735 1973 1771 2000 ad
1784 1972 1976 2008 patriarcham
1991 1971 2050 1998 hie-

1295 2024 1533 2060 rosolymitanum
1553 2031 1582 2059 p.
1604 2026 1671 2049 268.

1237 2072 1376 2100 Miracula
1395 2080 1444 2108 per
1465 2074 1631 2099 sanctorum
1648 2070 1878 2098 intercessionem
1894 2070 2058 2105 patrantur,

1295 2122 1523 2157 nominatimque
1544 2120 1706 2148 sanationes
1722 2127 1752 2154 p.
1779 2122 1845 2146 126.

1238 2169 1378 2197 Miracula
1407 2169 1551 2197 interdum
1572 2170 1602 2196 in
1622 2171 1787 2196 sanctorum
1808 2166 1970 2203 Martyrum
1991 2172 2058 2200 sup-

1298 2217 1390 2254 pliciis
1412 2226 1440 2254 p.
1469 2221 1535 2244 126.

1240 2266 1329 2294 Missa
1349 2266 1484 2302 liturgica
1498 2273 1563 2292 vere
1580 2263 1753 2292 sacrificium
1775 2266 1817 2290 est
1829 2271 1857 2298 p.
1874 2266 1921 2289 69.
1945 2265 1991 2288 70.
2009 2264 2059 2288 84.

1300 2318 1368 2342 239.
1387 2317 1415 2342 et
1435 2314 1514 2341 alibi.

1241 2363 1447 2391 Monachatum
1463 2371 1479 2391 a
1489 2362 1653 2401 primordiis
1666 2361 1811 2397 religionis
1824 2360 1925 2395 repetit
1940 2357 2059 2386 Hamar-

1304 2413 1379 2440 tolns
1396 2420 1424 2448 p.
1449 2415 1514 2439 142.
1535 2410 1603 2439 adn.

1242 2461 1419 2488 Monasteria
1440 2460 1596 2497 byzantina
1614 2459 1690 2486 Flori
1711 2461 1738 2485 et
1760 2457 1915 2485 Callistrati
1935 2464 1963 2491 p.
1993 2459 2057 2482 1:33.

1244 2509 1453 2537 Monothelitae
1469 2508 1637 2536 refelluntur
1658 2515 1685 2542 p.
1714 2510 1779 2533 170.

1245 2557 1346 2585 Musca
1362 2557 1399 2585 ab
1420 2555 1666 2585 Accaronensibus
1684 2554 1802 2582 adorata
1822 2561 1849 2588 p.
1871 2556 1938 2579 201.

1646 2624 1670 2652 N

1247 2703 1426 2739 Nicephorus
1445 2701 1652 2737 apologeticum
1671 2700 1808 2726 minorem
1828 2697 1969 2726 scribebat
1989 2706 2065 2725 anno

1305 2751 1518 2787 8133maiorem
1534 2756 1610 2776 anno
1625 2752 1692 2775 817.
1708 2756 1734 2783 p.
1750 2747 1870 2774 11.adn.
1891 2750 2061 2781 1.etp.174.

1307 2799 1373 2827 adn.
1400 2803 1426 2826 2.

1247 2847 1370 2875 Nestorii
1390 2854 1498 2874 errores
1514 2854 1541 2881 p.
1561 2849 1607 2872 33.
