2203 3331
136 1294 149 1305 Ἰ
164 1293 216 1313 Luc.
233 1292 247 1312 1.
263 1296 282 1313 2.

319 188 364 220 S'p
628 194 655 217 S.
681 194 852 217 NICEPHORI
879 195 1035 219 ANTmnn.
1062 197 1098 219 11.
1124 197 1288 220 ADVERSUS
1315 197 1424 220 CONST.
1451 197 1686 221 COPRONYMUM.

321 253 380 288 sed
410 251 501 286 0111111
528 250 615 285 alius
647 252 791 286 onmino
823 252 1018 300 propositus
1054 254 1134 302 ipsis
1169 267 1291 301 scopus
1327 262 1386 288 est.
1416 252 1558 288 Etenim
1590 254 1670 288 odio
1702 255 1879 305 archetypi
1910 257 1998 295 11300

321 320 450 359 aguntg
474 319 511 345 ut
535 311 669 346 sublata
693 311 859 358 imagine,
882 312 985 348 simul
1006 323 1124 362 pereat
1146 313 1311 349 memoria
1333 314 1519 362 archetypi.
1549 313 1689 363 Quippe
1713 315 1794 364 ipsis
1817 318 1927 364 gravis
1950 333 2000 354 re-

319 387 398 408 vera
426 371 586 407 Clu-istus
612 380 662 406 051
688 372 723 407 111
748 372 898 420 imagine
924 374 1028 409 etiam
1052 383 1228 423 spectatus

422 431 591 480 Aequum
620 433 782 467 existimo
810 434 877 469 hoc
905 448 1043 482 quoque
1065 436 1106 469 ab
1128 436 1168 469 iis
1190 435 1362 470 sciscitari
1377 464 1384 478 ,
1406 435 1465 483 (1111
1494 435 1696 470 sacerdotali
1720 445 1803 472 sunt
1826 438 1996 486 dignitate

321 492 498 528 exornati:
516 507 638 540 nempe
660 494 755 542 quod
775 494 804 528 si
826 495 867 529 ob
888 495 1028 529 unicam
1046 496 1270 544 hypostasim,
1290 496 1630 544 incircumscriptam
1648 495 1765 531 dicitis
1784 497 1877 533 illam
1893 513 1997 547 quam

322 554 482 588 Christus
502 553 694 601 adsumpsit
721 568 882 600 carnem;
904 555 1257 605 incircumscriptum
1287 565 1428 599 autem,
1452 565 1489 591 ut
1517 569 1636 590 omnes
1663 557 1792 605 quibus
1814 559 1889 592 sani
1911 568 1997 595 sunt

319 616 456 650 animae
478 628 599 649 sensus
622 615 840 658 concedunt,
859 615 1032 651 invisibile
1054 617 1156 652 simul
1177 626 1245 663 est3
1262 618 1355 666 quod
1376 632 1456 652 vero
1477 617 1669 660 invisibile,
1688 618 1892 665 intangibile
1912 634 1997 668 quo-

317 690 385 724 que
407 683 457 710 051
485 683 519 710 01
546 675 915 723 incomprehensibile,
937 684 1043 725 atquc
1066 685 1105 711 ut
1127 691 1196 712 uno
1217 678 1318 712 verbo
1340 677 1450 712 dicam
1465 706 1473 721 ,
1495 677 1767 726 incorporeum3
1788 678 1893 727 quid,
1915 693 1974 715 oro
1988 708 1996 723 ,

317 750 375 771 vos
397 736 433 770 in
452 744 650 771 nostrorum
666 736 908 784 mysteriorum
923 736 1061 783 liturgia
1079 738 1281 773 sacrificatis
1293 767 1301 781 ,
1320 753 1377 773 vos
1395 738 1541 787 inquam
1559 739 1619 787 qui
1640 739 1743 774 illotis
1760 740 1904 787 pedibus
1924 741 1996 788 (1),

318 806 358 832 ut
378 797 602 846 proverbium
625 806 694 840 est,
717 797 759 832 ad
783 811 877 832 53013
898 797 1092 833 acceditis?
1121 798 1212 833 Nam
1234 799 1262 833 si
1284 799 1369 834 illud
1393 814 1516 848 corpus
1540 814 1609 835 non
1632 809 1683 835 est
1706 801 1870 848 tangibile
1884 829 1893 844 ,
1913 815 1998 849 quo-

318 858 419 893 modo
447 858 672 893 immolatur?
695 858 823 906 quidve
845 858 984 892 demum
1012 858 1252 895 sacrificatur?
1276 874 1328 895 res
1351 861 1448 896 enim
1469 861 1651 896 invisibilis
1673 875 1789 909 neque
1810 862 1997 897 sacrificari

319 932 434 967 neque
462 918 631 953 immolari
659 927 772 966 potest
801 919 863 966 (2).
893 917 1105 963 Quodnam,
1127 933 1277 967 quaeso,
1304 921 1507 968 intangibile
1537 922 1672 970 quodve
1701 922 1843 956 demum
1874 936 1997 969 10111115

318 993 376 1014 vos
405 978 572 1025 tangitis?
601 977 767 1024 Quonam
794 978 889 1013 vohis
917 979 1048 1021 abibit,
1069 980 1164 1027 quod
1192 994 1272 1028 prae
1301 981 1462 1016 manibus
1489 982 1643 1025 habetis,
1664 982 1759 1030 quod
1789 983 1878 1016 intra
1907 983 1997 1017 labia

319 1039 530 1075 concluditis
558 1048 593 1075 01
621 1039 926 1082 circumscribitis,
951 1040 1048 1088 quod
1076 1040 1241 1076 dentibus
1270 1041 1541 1086 comminuitur,
1569 1043 1663 1091 quod
1693 1043 1793 1078 edule
1821 1043 1899 1078 est?
1927 1042 1996 1078 Res

320 1101 473 1149 profecto
502 1099 712 1147 intangibilis
740 1114 813 1135 non
840 1099 1055 1137 immolatur:
1082 1114 1163 1136 nam
1192 1109 1286 1136 certe
1314 1100 1493 1145 Verbum,
1522 1116 1591 1151 qua
1617 1102 1774 1139 'Verbum
1801 1112 1872 1147 est,
1900 1103 1998 1138 1131111

320 1160 423 1196 edule
451 1160 586 1196 dicetis.

422 1220 610 1267 Quomodo
632 1222 716 1256 item
739 1221 873 1257 Christi
901 1236 1042 1271 quoque
1068 1230 1216 1258 mortem
1242 1223 1466 1259 annunciatis
1481 1252 1489 1267 ,
1510 1232 1569 1259 aut
1596 1223 1895 1259 resurrectionem
1919 1236 1999 1258 eon-

319 1281 489 1325 fitemini,
512 1291 547 1317 et
567 1282 696 1317 tradita
718 1283 889 1318 sermonis
911 1283 1078 1318 ministris
1101 1284 1119 1304 ²²
1144 1283 1181 1318 in
1202 1297 1296 1318 sacra
1318 1284 1375 1320 illa
1396 1293 1522 1328 nocte,
1544 1298 1612 1333 qua
1632 1284 1707 1319 illos
1726 1284 1852 1320 borum
1873 1292 1999 1331 myste-

320 1344 455 1378 riorum
481 1343 566 1378 fecit
595 1343 802 1392 participes?
831 1342 1071 1390 Quamobrem
1099 1344 1251 1379 insanire
1280 1359 1337 1380 vos
1367 1354 1527 1388 constat,
1555 1345 1713 1380 dicentes
1740 1359 1788 1380 ne
1818 1343 1999 1379 Christum

320 1403 465 1453 quidem
486 1412 594 1439 semet
615 1418 693 1439 vere
717 1404 908 1439 immolasse
923 1433 931 1448 ‚
953 1418 1064 1453 quum
1088 1418 1212 1453 corpus
1236 1418 1307 1440 non
1334 1406 1379 1440 sit
1408 1405 1727 1454 circumscriptum.
1754 1404 1845 1453 Ergo
1869 1413 2000 1440 vosmet

318 1465 410 1513 ipsos
435 1478 548 1499 errore
573 1464 752 1513 decipitis,
772 1465 962 1501 sacrificare
991 1464 1246 1508 existimantes,
1267 1479 1357 1514 quae
1380 1480 1497 1514 reapse
1525 1466 1714 1501 sacrificari
1734 1465 1878 1512 negatis.
1905 1464 1998 1500 Nam

318 1525 494 1574 quomodo
514 1525 731 1561 sacrificetur
753 1525 1116 1574 incircumscriptum,
1134 1525 1189 1560 vel
1209 1525 1303 1561 idem
1323 1526 1487 1574 tangibile
1511 1527 1597 1569 erit,
1617 1534 1679 1561 aut
1698 1525 1999 1561 manducabitur?

316 1585 369 1621 Ex
396 1586 523 1635 quibus
552 1595 712 1636 apparet,
736 1601 793 1622 vos
820 1587 878 1622 illa
907 1588 1009 1622 etiam
1037 1601 1127 1636 quae
1155 1587 1196 1622 de
1223 1587 1278 1622 his
1305 1588 1480 1636 mysteriis
1507 1587 1544 1622 in
1571 1587 1678 1622 sacris
1705 1586 1887 1634 evangeliis
1915 1595 2000 1622 sunt

319 1646 469 1690 tradita,
493 1661 574 1682 cum
601 1647 742 1696 reliquis
770 1648 933 1683 omnihus
961 1647 1075 1683 delere
1104 1657 1205 1696 atque
1233 1647 1392 1691 abolere,
1413 1648 1475 1697 qui
1502 1648 1594 1683 circa
1617 1647 1749 1683 Christi
1777 1662 1902 1696 corpus
1930 1661 2001 1683 om-

318 1707 403 1742 niuo
425 1709 561 1751 erratis,
581 1709 745 1757 quoniam
767 1709 859 1744 haud
880 1723 959 1744 vere
984 1723 1109 1757 corpus
1131 1722 1225 1752 esse,
1245 1709 1305 1744 sed
1327 1709 1479 1758 corporis
1498 1708 1706 1756 imaginem,
1725 1708 1823 1744 iuxta
1843 1717 2000 1744 vestrum

316 1769 541 1816 magistrum,
563 1769 810 1817 dogmatizatis.
838 1769 961 1818 Itaque
990 1770 1189 1805 secundum
1211 1769 1304 1805 illam
1324 1770 1483 1818 imaginis
1503 1770 1680 1805 rationein
1709 1783 1815 1819 quam
1842 1770 1999 1813 docetis,

318 1830 517 1865 necessario
544 1844 601 1865 vos
622 1839 680 1865 aut
702 1831 807 1866 simul
835 1844 916 1866 cum
947 1845 1087 1879 corpore
1113 1830 1284 1866 immolari
1304 1830 1482 1874 Verbum,
1505 1840 1645 1880 propter
1671 1831 1814 1866 unicam
1841 1832 1998 1878 hyposta-

319 1891 404 1934 sim,
428 1892 706 1938 confitebiminig
730 1901 788 1927 aut
816 1892 898 1941 quia
919 1891 1078 1927 Verbum
1107 1892 1452 1940 incircumscriptum
1481 1901 1556 1935 est,
1578 1892 1613 1926 id
1643 1906 1714 1926 esse
1739 1905 1757 1926 a
1779 1905 1921 1939 corpore
1948 1905 1998 1925 se-

318 1961 491 2001 paratum:
516 1961 548 1987 et
577 1953 644 1988 iam
670 1953 757 1988 nihil
785 1953 873 1988 ultra
902 1966 1125 1988 communem
1150 1966 1275 2000 panem
1303 1967 1341 1987 ac
1370 1953 1493 1987 vinum
1521 1952 1741 1987 immolabitis
1770 1960 1829 1987 aut
1857 1950 1999 2000 partici-

319 2013 450 2061 pabitis
479 2012 639 2062 Denique
665 2014 813 2048 salutem
836 2022 896 2048 aut
916 2013 1233 2048 sanctificationem
1253 2027 1310 2047 vos
1332 2013 1438 2048 istinc
1467 2013 1699 2062 participare,
1721 2013 1755 2048 id
1778 2026 1822 2047 00
1845 2011 1997 2059 cogitare

320 2073 461 2121 quidem
487 2073 581 2109 lieet.
610 2073 722 2109 Homo
748 2083 869 2109 contra
894 2074 1000 2109 fidelis
1025 2087 1098 2108 non
1124 2082 1238 2119 errat3
1262 2087 1378 2108 anmT
1399 2088 1481 2108 mm
1505 2087 1624 2108 conpos
1648 2087 1719 2108 esse
1742 2086 1886 2115 cnmsrt,
1909 2086 1998 2114 Quot)

321 2147 400 2169 APUD
428 2148 544 2170 DIGNOS
575 2135 623 2183 (3)
653 2148 883 2170 SACRIFICATUR.
911 2149 951 2170 ET
977 2147 1103 2177 QUANDO
1131 2147 1267 2170 1101311105
1293 2148 1417 2177 Teum,
1439 2148 1508 2169 serr
1533 2148 1605 2169 esse
1632 2147 1934 2175 cmcumscmp'rum,
1957 2147 1999 2168 ET

321 2208 488 2230 comenms
515 2209 775 2239 SANCTIFICATUR,
796 2196 1018 2245 peccatisque
1044 2195 1259 2238 mundatur,
1284 2203 1317 2230 et
1344 2195 1521 2231 caelorum
1547 2209 1655 2243 regno
1682 2203 1821 2243 propter
1846 2194 1932 2229 haec
1961 2208 1997 2229 se

322 2254 515 2302 potiturum
539 2264 612 2290 tuto
637 2256 783 2292 confidit
809 2257 871 2305 (4)

400 2415 435 2444 (1)
455 2414 556 2448 Nempe
576 2414 626 2441 hoc
645 2416 818 2443 notissimum
838 2416 1011 2451 proverbium
1030 2419 1078 2443 est.

400 2460 435 2489 (2)
454 2458 494 2484 De
514 2460 611 2485 missae
630 2460 762 2487 sacrificio
782 2469 807 2496 p.
829 2464 872 2488 69.
893 2460 956 2487 adn.
977 2463 1003 2487 2.

401 2504 436 2533 (3)
455 2502 555 2529 Sensus
574 2502 700 2530 dictionis
719 2509 774 2537 est,
794 2504 867 2540 quod
887 2505 925 2532 ilii
946 2505 1053 2540 indigni
1077 2504 1150 2532 haud
1173 2504 1320 2532 credebant
1343 2505 1472 2541 mysterio
1497 2502 1694 2534 eucharistico,
1713 2500 1834 2536 adeoque
1856 2508 1906 2529 110(-
1926 2502 1997 2534 rite,

320 2546 374 2573 sive
393 2554 423 2573 ex
441 2547 597 2574 authentica
616 2555 646 2574 30
666 2550 814 2576 1100553113
835 2550 960 2585 liturgiae
980 2549 1112 2582 formula,
1129 2550 1326 2577 consecravisse
1342 2549 1478 2577 videntur.
1500 2550 1534 2576 Et
1552 2547 1611 2575 vide
1629 2546 1712 2574 simul
1732 2554 1832 2574 novum
1848 2545 1881 2573 de
1896 2546 1998 2573 Christi

322 2599 432 2626 corpore
450 2592 479 2618 in
499 2595 592 2618 sancta
611 2593 773 2620 eucharistia
792 2598 931 2629 praesente
951 2594 1149 2621 testimonium.

402 2638 436 2667 (4)
456 2635 577 2670 Respicit
595 2635 629 2662 ad
648 2635 747 2663 Christi
767 2637 846 2664 verba
866 2638 923 2665 1011.
946 2639 990 2665 vt.
1012 2641 1058 2665 55:
1079 2640 1128 2674 qui
1148 2638 1303 2666 manducat
1322 2646 1413 2665 meam
1433 2645 1548 2665 carnem
1568 2638 1596 2663 et
1614 2635 1684 2664 bibit
1702 2642 1794 2662 meum
1812 2636 1997 2670 sanquinem,

322 2679 407 2706 habet
426 2681 513 2707 vitam
533 2682 689 2708 aeternam.
