2203 3331
203 1827 239 1847 br.
253 1832 276 1853 ρ,
292 1830 323 1848 7⁰,

376 177 420 212 80
926 185 955 209 S·
981 186 1154 211 met-:rumix
1180 187 1440 210 ANTmRnEthts
1468 187 1504 210 Η,

378 243 480 280 tisicis
503 241 726 277 conformata.
754 239 897 276 Nullius
918 241 1026 290 igitur
1048 243 1096 278 rei
1118 242 1385 291 praeexistentis
1410 251 1547 278 constat
1567 243 1609 277 ab
1634 242 1686 278 his
1713 257 1794 293 prae
1817 259 1854 281 se
1876 245 1955 282 serri
1984 251 2059 296 spe-2>

375 304 482 345 rivin,
505 303 672 344 sormam,
694 310 756 336 aut
777 301 932 349 figuram.
960 302 1053 350 Ergo
1076 318 1192 352 neque
1222 303 1360 352 proprie
1383 317 1500 352 neque
1529 317 1608 338 vere
1634 305 1894 351 esfigiabuntur.
1924 307 1967 342 Et
1989 323 2060 344 om-

373 365 459 398 nino
482 376 573 411 quae
596 362 673 397 loco
698 362 988 406 concluduntur,
1011 372 1045 399 et
1070 378 1191 399 sensus
1219 372 1360 398 nostros
1388 364 1581 406 adficiunt,
1607 372 1641 399 et
1667 365 1796 413 quibus
1817 381 1961 415 corpus,
1985 383 2059 417 spe-

374 425 464 467 cics,
486 432 588 471 atque
611 424 719 469 figura
741 424 1044 472 circumponitur,
1066 425 1150 460 haec
1171 432 1209 460 ut
1233 424 1425 472 plurimum
1454 425 1673 471 effigiantur:
1695 440 1782 474 quae
1808 437 1927 463 autem
1953 429 2055 464 aliam

370 486 500 519 habent
527 484 716 527 rationem,
740 498 778 519 ea
799 484 850 519 vel
872 499 1064 533 numquam
1078 513 1086 528 ,
1106 485 1161 520 vel
1182 485 1344 528 abusive,
1365 485 1417 519 vol
1439 485 1505 521 alio
1527 485 1642 534 aliquo
1663 486 1788 530 modo,
1810 502 1888 523 raro
1910 489 2057 537 pingcn0

373 554 438 580 tur.
460 544 538 579 Tali
560 545 672 593 itaque
702 544 938 580 demonstrata
967 546 1002 580 in
1030 546 1081 580 his
1109 545 1312 580 differentia
1328 574 1335 588 ,
1360 554 1437 581 tum
1462 560 1501 581 cx
1528 546 1735 581 definitione
1757 555 1833 582 tum
1856 563 1896 584 ex
1918 550 2054 598 reliqua

372 606 526 654 ipsorum
553 606 708 649 ratione,
731 605 957 641 nihilominus
984 606 1022 640 hi
1052 605 1209 641 carnales
1231 615 1263 641 et
1283 606 1418 649 stolidi,
1441 607 1530 641 intra
1560 608 1753 655 praesentis
1774 608 1862 644 vitae
1887 611 2053 646 terminos

371 680 467 714 spem
489 679 585 701 suam
608 665 860 701 concludentes
884 667 946 714 (ut
968 666 1034 701 hoc
1057 666 1160 701 etiam
1182 666 1247 701 illis
1270 675 1405 716 practer
1426 676 1543 702 cetera
1566 668 1789 716 occinamus)
1803 696 1811 710 ,
1830 682 1950 717 neque
1970 670 2055 705 ulla-

374 736 473 762 tenus
496 728 671 770 suturam,
693 735 835 775 propter
856 726 965 762 animi
992 726 1047 761 sui
1073 726 1258 761 mollitiem
1283 736 1387 775 atque
1409 727 1451 762 ad
1473 728 1655 763 materiam
1680 728 1956 776 proclivitatem,
1979 744 2055 778 spc-

373 796 526 831 ctantcs,
549 787 725 823 indomitis
746 796 852 835 atque
873 786 1065 822 arbitrariis
1095 787 1304 822 exstimulati
1325 788 1575 836 cupiditatibus
1589 817 1597 832 ,
1618 797 1798 838 tamquam
1817 803 1879 838 pro
1902 791 2054 826 auctori-

373 858 443 885 tatc
469 849 627 896 dogmata
648 862 709 883 sua
731 847 989 883 inconsiderate
1016 847 1192 895 nimisque
1218 848 1462 896 imprudenter
1483 850 1734 892 constituunt,
1755 864 1844 898 quae
1864 864 1907 885 ne
1930 863 2052 886 rerum

370 910 515 959 quidem
535 918 657 944 natura
674 908 815 956 patitur.
838 907 931 943 Nam
952 920 1062 956 quum
1083 907 1278 943 dicendum
1299 910 1391 944 foret
1411 910 1552 957 pingere
1575 919 1609 946 et
1630 911 1795 957 figurare,
1815 910 1883 958 ipsi
1906 911 2054 946 circum·

369 971 517 1006 scribere
546 970 692 1012 dicunt,
714 983 829 1017 neque
851 968 1102 1004 ecclesiasticae
1126 968 1310 1004 doctrinae
1332 984 1450 1018 neque
1471 984 1593 1006 rerum
1613 971 1760 1020 quidem
1783 971 2051 1007 convenientiae

370 1031 615 1067 adtendentes.
643 1029 771 1079 Neque
794 1043 833 1065 ea
855 1043 945 1078 quae
973 1037 1056 1064 sunt
1081 1029 1117 1063 in
1145 1029 1209 1064 hac
1238 1031 1418 1065 communi
1439 1045 1479 1066 ac
1503 1031 1665 1079 populari
1693 1032 1951 1067 consuetudine
1975 1047 2051 1081 per-

369 1099 554 1127 suaserunt
583 1090 653 1134 eis,
681 1097 723 1126 ut
749 1089 875 1125 horum
903 1088 1139 1124 differentiam
1166 1098 1421 1137 agnoscerent,
1442 1090 1550 1126 veluti
1580 1099 1665 1126 sunt
1692 1106 1731 1127 ca
1758 1106 1846 1140 quae
1875 1092 2051 1128 dicuntur

367 1152 406 1186 in
429 1151 567 1199 privatis
588 1151 698 1199 pactis
720 1150 1006 1199 circumscriptae
1032 1150 1269 1199 syngraphae,
1291 1150 1445 1186 diversae
1466 1151 1508 1186 ah
1530 1151 1571 1186 iis
1591 1165 1681 1200 quae
1703 1152 1745 1187 de
1766 1153 1945 1200 perpetuis
1966 1167 2050 1188 con-

366 1211 536 1246 tractibus
563 1211 639 1258 lege
667 1210 807 1246 sancitis
834 1210 1119 1246 denominantur.

475 1271 529 1306 16.
559 1270 632 1306 Sed
661 1271 755 1320 quod
783 1271 930 1306 istorum
958 1271 1117 1307 omnium
1143 1284 1364 1320 summopere
1392 1272 1569 1321 pudefacit
1597 1272 1792 1316 insaniam,
1819 1286 1891 1308 non
1919 1272 2049 1308 intelli-

367 1340 456 1379 gunt
482 1331 608 1368 miseri.
639 1331 786 1380 Semper
805 1332 900 1367 enim
921 1332 960 1367 in
982 1346 1041 1367 ore
1062 1332 1191 1368 habent
1211 1333 1393 1382 citantque
1418 1334 1621 1381 magistrum
1642 1333 1822 1369 Asterium
1845 1334 2048 1370 iubentem:

366 1399 390 1414 ‘⁶
423 1392 604 1429 Christum
630 1407 674 1428 ne
701 1393 823 1441 pingas
853 1393 914 1441 (1).
940 1420 964 1436 „
988 1391 1098 1441 Atqui
1126 1392 1154 1427 is
1181 1406 1257 1428 non
1286 1393 1474 1442 praecipit:
1498 1400 1521 1415 “
1553 1407 1599 1429 ne
1630 1393 1906 1429 circumscribas.
1933 1421 1956 1436 ‚‚
1984 1392 2048 1428 Sic

367 1453 459 1488 enim
486 1462 518 1488 et
544 1462 664 1489 noster
690 1453 854 1488 Asterius
883 1453 921 1487 in
949 1452 1104 1488 dictione
1132 1453 1177 1488 de
1205 1461 1353 1501 martyre
1381 1453 1575 1501 Euphemia
1599 1455 1649 1501 (2)
1672 1460 1696 1475 “
1720 1454 1812 1497 vidi,
1837 1454 1976 1502 inquit,
1997 1453 2050 1501 pi-

368 1542 392 1556 „
422 1522 555 1549 cturam
576 1514 764 1564 quamdam
787 1542 810 1557 „
833 1527 967 1549 sacram
992 1513 1153 1549 videlicet
1175 1513 1274 1548 divae
1301 1514 1462 1562 martyris
1483 1514 1551 1549 hoc
1573 1514 1669 1549 dicto
1696 1514 1796 1549 nobis
1822 1514 1974 1549 innuens
1997 1514 2049 1548 hi-

365 1574 516 1610 storiam.
544 1574 626 1610 Non
654 1583 772 1610 tamen
801 1574 890 1609 dixit
920 1574 1310 1622 circumscriptionemg
1338 1574 1469 1623 pictam
1486 1603 1494 1617 ,
1523 1575 1671 1622 inquam
1690 1603 1698 1617 ,
1726 1587 1797 1609 non
1825 1573 2049 1608 circumscri-

363 1643 479 1683 ptam,
501 1635 688 1684 appellavit.
717 1635 815 1670 Vidit
840 1643 973 1678 artem,
997 1644 1031 1670 et
1052 1635 1229 1683 pictorum
1251 1635 1401 1683 optimos
1423 1636 1690 1684 obstupescere,
1713 1643 1745 1670 et
1771 1635 1911 1683 plurimi
1932 1635 1975 1669 ab
1997 1635 2045 1670 eis

364 1697 459 1740 fieri,
482 1697 735 1732 admirantibus
766 1696 984 1743 egregi0rum
1011 1696 1185 1731 artificum
1213 1696 1357 1731 tabulas.
1387 1695 1487 1742 Quid
1516 1696 1559 1731 de
1586 1696 1662 1731 aliis
1691 1710 1794 1744 porro
1819 1696 1923 1730 sacris
1942 1695 2047 1744 patri-

362 1757 429 1792 bus
456 1757 586 1792 nostris
607 1757 824 1793 dicendum?
850 1770 1003 1806 quorum
1030 1757 1119 1793 alius
1143 1757 1369 1792 charaxantes
1393 1756 1430 1791 in
1453 1756 1578 1791 tabulis
1601 1757 1753 1804 pictores
1775 1756 1934 1802 exhibet3
1956 1755 2044 1791 alius

360 1826 479 1854 autem
505 1818 571 1855 ait:
591 1833 636 1853 an
662 1818 758 1853 vobis
786 1818 967 1853 hominem
994 1818 1220 1854 mediocriter
1247 1830 1361 1852 sermo
1390 1817 1573 1865 depinxit?
1598 1817 1642 1852 Et
1671 1831 1807 1853 rursus:
1830 1830 1948 1851 noune
1976 1817 2044 1850 evi-

361 1878 486 1914 denter
508 1879 606 1914 vobis
634 1879 891 1928 homonymum
919 1878 1006 1914 mihi
1034 1887 1067 1914 et
1090 1878 1300 1914 unanimum
1320 1878 1433 1926 pictor
1455 1891 1568 1912 sermo
1589 1878 1776 1924 effigiavit?
1804 1877 1913 1912 Porro
1937 1890 2042 1912 nemo

360 1947 383 1961 ‘³
417 1940 688 1988 circumscripsit
712 1968 735 1983 „
756 1940 814 1975 ait.
843 1939 903 1974 Isti
930 1948 1046 1975 autem
1073 1953 1117 1975 ne
1144 1939 1257 1988 ipsum
1285 1938 1430 1987 quidem
1455 1938 1683 1981 vocabulum,
1707 1938 1799 1987 quod
1826 1938 1934 1973 huius
1957 1938 2042 1972 artis

360 2001 466 2049 periti
495 2010 691 2050 usurpant,
719 2009 905 2037 noverunt.
933 2000 1035 2036 Adeo
1065 2009 1230 2049 corrupta
1259 2000 1465 2047 infirmaque
1495 2008 1609 2034 mente
1636 2001 1739 2035 sunt!
1770 1998 1860 2035 Nam
1888 2000 2041 2047 pictores

360 2075 430 2095 non
453 2061 772 2110 circumscriptores
800 2061 1007 2097 vocitantur.
1037 2060 1109 2096 Sed
1138 2075 1181 2095 ne
1203 2061 1240 2095 in
1262 2073 1460 2096 sermonum
1489 2059 1688 2108 labyrintho
1715 2073 1904 2106 vagemur,
1925 2059 2042 2094 infini-

361 2130 488 2171 taeque
509 2123 694 2157 verborum
716 2122 838 2157 turbae
860 2130 995 2157 nosmet
1023 2121 1280 2157 committamus
1294 2149 1302 2164 ‚
1324 2129 1417 2156 recte
1438 2120 1581 2155 demum
1603 2120 1906 2168 circumscriptam
1927 2119 1969 2154 de
1990 2120 2042 2167 pi-

361 2189 414 2217 cto
440 2191 473 2217 et
499 2183 763 2231 circumscripto
787 2182 1016 2231 scriptionem
1038 2182 1103 2217 hoc
1127 2181 1204 2217 loco
1231 2181 1561 2217 circumscribamus
1588 2182 1651 2229 (3).
2026 2169 2034 2178 .

467 2256 520 2291 ¹7·
551 2243 624 2278 Cur
650 2258 728 2291 ergo
750 2243 791 2279 ad
813 2243 978 2278 tenebras
1001 2243 1218 2291 latebrasque
1240 2256 1313 2277 non
1337 2243 1552 2290 confugiunt
1577 2241 1854 2284 Christomachi,
1877 2255 1959 2277 cum
1981 2255 2039 2277 res

358 2301 583 2350 incorporeas
605 2303 770 2352 omnique
792 2304 904 2338 forma
926 2310 1107 2346 carentes,
1128 2317 1191 2338 ceu
1212 2302 1375 2350 angelum
1392 2310 1497 2351 atque
1520 2302 1691 2344 animam,
1710 2316 1772 2337 suo
1791 2302 1944 2349 quodam
1963 2316 2040 2349 pro-

357 2362 433 2410 prio
462 2363 562 2398 modo
591 2364 833 2399 circumscribi
861 2364 1042 2400 audiunt?
1072 2363 1252 2399 Christum
1282 2372 1400 2398 autem
1430 2372 1654 2411 corporatum
1672 2391 1680 2406 ,
1709 2371 1743 2397 et
1772 2362 1808 2396 in
1837 2363 2035 2398 substantia

356 2430 476 2457 nostra
496 2423 630 2466 visum,
652 2424 836 2473 eidemque
859 2425 1150 2473 enhypostatum,
1173 2424 1233 2473 qui
1258 2424 1414 2472 speciem
1442 2431 1474 2459 et
1501 2424 1646 2470 figuram
1673 2424 1889 2471 formamque
1918 2423 2037 2458 huma—

355 2519 368 2531 »
390 2507 422 2535 td
441 2508 552 2537 verbum
572 2509 722 2544 signifieat,
738 2510 809 2538 nihil
828 2518 885 2539 esse
905 2511 1053 2547 quicquam
1073 2510 1147 2547 quod
1166 2519 1197 2539 ex
1215 2519 1244 2539 se
1263 2515 1383 2545 constet,
1400 2519 1451 2539 nec
1470 2510 1543 2546 quod
1563 2509 1662 2537 haheat
1680 2509 1732 2536 vim
1751 2509 1888 2544 propriam
1908 2512 1935 2536 et
1953 2513 2037 2536 natu-

356 2564 368 2575 »
390 2560 465 2585 ram,
485 2553 533 2580 sed
552 2554 644 2580 onmia
669 2562 793 2588 prorsum
818 2555 852 2582 ad
875 2555 981 2591 aliquid
1006 2555 1118 2588 referri3
1139 2555 1258 2591 taliaque
1279 2555 1381 2587 videri,
1401 2555 1490 2590 qualis
1509 2555 1545 2581 sit
1563 2561 1655 2581 eorum
1680 2553 1782 2588 species
1802 2552 1868 2579 duni
1891 2552 2037 2583 videntur,

356 2610 367 2619 ν
388 2597 534 2633 qualiaque
553 2597 625 2632 apud
644 2606 740 2625 sensus
759 2603 881 2633 nostros,
900 2608 955 2635 quo
975 2604 1172 2635 pervenerunt,
1192 2604 1335 2633 creantur3
1354 2607 1410 2626 non
1429 2599 1501 2634 apud
1522 2606 1593 2631 sese,
1614 2597 1687 2625 unde
1706 2597 1825 2632 prosecta
1845 2602 1918 2624 sunt.
1942 2610 1953 2620 ν

435 2645 469 2674 (1)
488 2642 570 2677 Apud
588 2642 782 2670 combensium
802 2646 881 2671 Auct.
903 2647 933 2671 B.
954 2646 1006 2672 PP.
1029 2646 1060 2672 T.
1082 2646 1104 2672 1.
1125 2653 1151 2680 p.
1172 2649 1232 2673 267.
1255 2646 1289 2672 Et
1307 2643 1418 2680 quidem
1443 2649 1498 2670 tam
1523 2644 1574 2670 hoc
1597 2651 1679 2678 quani
1704 2646 1834 2677 sequente
1853 2643 1914 2669 loco
1933 2642 2036 2670 (licitur

353 2686 477 2714 Asterius
495 2688 626 2714 Amasene
645 2687 796 2722 episcopus.
818 2689 982 2724 Ceteroquin
1000 2689 1073 2717 alius
1090 2690 1174 2716 etiam
1196 2688 1336 2724 antiquior
1356 2687 1480 2715 Asterius
1505 2688 1616 2714 arianus
1639 2686 1743 2719 extitit,
1764 2687 1843 2714 cuius
1865 2687 2038 2721 explanatio-

353 2737 415 2756 nem
436 2729 463 2757 in
482 2734 611 2765 quartum
631 2730 768 2766 psalmum
787 2730 873 2758 edidit
888 2732 1111 2761 Montfauconius
1130 2742 1192 2761 cum
1208 2732 1341 2763 Eusebio.
1358 2740 1495 2767 quamque
1514 2732 1543 2758 iu
1563 2730 1656 2758 codice
1674 2732 1756 2757 etium
1777 2732 1901 2758 vaticano
1919 2731 2036 2766 ipsemet

353 2773 499 2801 observavi.

433 2821 469 2850 (2)
488 2818 569 2854 Apud
587 2818 782 2847 Conibefisium
802 2827 845 2854 op.
867 2820 913 2846 cit.
935 2828 960 2854 p.
982 2824 1043 2849 207.

433 2865 467 2895 (3)
486 2861 571 2890 Ludit
588 2863 618 2890 in
637 2863 775 2891 vocabulis
793 2862 975 2898 Nicephorus.
