2203 3331
747 169 811 193 rao
836 168 963 192 saxeus
989 167 1189 191 ummxmts.
1741 157 1810 192 255

135 235 230 263 eatae
257 235 403 269 natura,
424 224 482 260 sed
509 223 757 260 manducantis
783 223 1018 267 illiberalitas,
1041 232 1076 258 et
1102 222 1185 258 fidei
1213 222 1373 259 desectus
1401 224 1616 261 aestimatur.
1645 223 1746 259 Nihil
1769 225 1811 259 ab

137 287 327 324 universali
353 294 508 322 creatore
536 285 750 334 productum
775 286 864 329 suit,
886 285 981 334 quod
1010 284 1109 319 omni
1133 283 1238 318 laude
1266 298 1337 318 non
1367 285 1412 319 sit
1440 285 1607 333 dignum,
1634 285 1726 333 apud
1754 300 1811 320 eos

136 358 228 385 certe
250 349 311 398 qui
335 361 452 383 sanam
477 356 683 397 rectamque
704 347 746 382 de
768 347 871 382 rebus
892 345 1104 381 sententiam
1123 344 1263 379 liabent.
1292 345 1405 392 Igitur
1429 346 1656 395 inquinatum
1679 346 1812 395 aliquid

134 424 153 445 a
181 409 259 445 Deo
280 410 432 453 factum,
455 408 670 452 existimare,
693 408 956 443 stolidissimum
977 413 1050 452 est3
1075 405 1102 440 si
1122 405 1267 453 quidem
1289 406 1404 441 omnia
1426 407 1515 442 bona
1535 407 1630 442 valde
1658 421 1746 456 quae
1769 408 1812 442 ab

132 485 174 506 eo
197 479 309 506 ereata
330 479 423 506 sunt.
452 470 557 516 Quod
577 484 655 505 vero
675 469 719 504 ad
741 469 899 516 dogmata
919 467 1074 509 adtinet,
1097 466 1189 501 haud
1211 474 1307 501 certe
1330 480 1369 501 ex
1392 468 1608 515 evangelicae
1633 468 1812 503 doetrinae

136 531 439 574 consideratione,
461 545 549 579 quae
578 529 888 579 irreprehensibilis
911 536 963 562 est
984 536 1019 562 et
1045 541 1143 562 sacra
1166 541 1204 562 ac
1226 527 1345 562 divina
1359 556 1366 570 ,
1387 528 1447 562 sed
1477 543 1517 563 ex
1543 529 1671 563 horum
1694 543 1815 563 vecor-

132 592 231 627 dium
259 592 407 627 stultitia
436 600 470 628 et
497 591 743 633 contumacia,
772 589 1026 626 incredulitatis
1057 589 1191 624 crimen
1221 589 1457 636 cognoscitur.
1486 588 1666 635 Quoniam
1695 590 1812 638 itaque

133 653 229 689 haud
253 667 335 689 eum
354 653 423 688 fide
446 653 488 688 ad
509 667 603 688 saera
623 652 816 694 accedunt,
836 658 1002 699 peccant;
1024 659 1061 685 et
1081 651 1362 685 contaminatum
1383 650 1601 693 existimant,
1622 651 1718 699 quod
1740 666 1815 686 san-

135 724 233 750 ctum
262 724 333 761 est3
354 715 505 763 ideoque
528 723 561 749 et
582 712 768 761 idolothyti
787 712 956 761 appellari
983 721 1142 761 queunt,
1165 712 1246 761 quia
1268 711 1360 747 inter
1386 720 1548 746 sanctum
1571 720 1606 747 et
1627 714 1814 760 profanum

131 775 349 823 distinguere
377 775 549 810 nesciunt.
576 774 661 810 Non
690 788 770 821 ergo
797 781 940 822 propter
967 773 1248 820 irreligiosorum
1270 772 1554 807 incredulitatem
1580 773 1813 821 repudiandae

132 845 221 872 sunt
247 850 362 871 sacrae
391 836 518 871 icones.
546 834 609 870 Isti
636 843 754 870 autem
778 834 885 869 fidem
911 834 1056 883 quidem
1082 834 1265 869 infidelem
1291 833 1478 879 invehant,
1502 846 1567 868 nos
1595 833 1697 868 talem
1718 842 1812 868 certe

131 912 244 946 usque
265 897 309 932 ad
329 905 550 945 praesentem
570 896 664 931 diem
684 896 874 931 nescimus.
901 894 1090 941 Quantum
1110 909 1194 930 vero
1218 895 1378 942 dogmata
1401 894 1487 929 escis
1509 894 1696 935 antistant,
1721 902 1813 929 tanta

132 959 200 994 erit
228 959 264 993 in
291 958 456 993 alterutra
483 972 520 992 re
548 958 772 1006 peccantium
798 957 1035 992 damnationis
1063 956 1255 991 diversitas.
1283 955 1376 1003 Ergo
1404 955 1553 990 3111110311
1573 956 1700 990 merito
1728 964 1813 990 sunt

132 1027 166 1054 et
192 1019 319 1053 divinis
348 1019 454 1054 rebus
484 1019 636 1065 exelusi3
660 1018 743 1067 quia
766 1018 859 1067 quod
884 1018 972 1053 utile
998 1026 1048 1053 est
1073 1031 1279 1065 cognoscere
1304 1017 1519 1060 noluerunt,
1542 1025 1576 1051 et
1601 1015 1672 1051 Dei
1696 1017 1811 1050 hostes

131 1080 402 1128 reputabuntur.

237 1141 294 1176 81.
322 1140 496 1189 Undique
525 1140 631 1188 igitur
658 1139 937 1175 demonstratum
965 1147 1044 1181 est,
1072 1139 1167 1188 quod
1196 1139 1233 1173 hi
1262 1138 1432 1174 stultitiae
1463 1152 1544 1174 suae
1577 1138 1810 1187 ruditatisque

133 1215 234 1236 eausa
255 1201 414 1236 infideles
434 1209 536 1244 sunt,
555 1201 783 1250 improbaque
804 1209 923 1236 mente
947 1208 980 1235 et
1001 1201 1144 1248 profana
1164 1199 1334 1248 praediti,
1354 1199 1524 1248 quodque
1545 1199 1646 1246 longe
1670 1213 1688 1233 a
1711 1199 1812 1234 Chri—

131 1262 333 1297 stianorum
354 1262 481 1310 pietate
502 1262 648 1305 absunt,
672 1270 704 1297 et
725 1262 763 1296 111
787 1262 1095 1308 congregationem
1115 1260 1262 1296 Domini
1289 1269 1411 1310 utpote
1435 1261 1539 1295 corde
1568 1260 1811 1296 incircumcisi

132 1337 203 1357 non
226 1323 436 1359 introibunt.
459 1322 605 1358 Scilicet
626 1332 747 1358 eontra
771 1324 888 1358 omnia
909 1323 1135 1372 impudenter
1154 1323 1343 1365 audentes,
1362 1331 1396 1357 et
1416 1335 1555 1357 aeream
1572 1323 1727 1357 frontem
1749 1331 1811 1357 sta-

132 1393 269 1419 tuentes
284 1413 292 1427 ,
314 1398 445 1433 corque
474 1384 698 1420 incredulum
725 1384 1012 1433 praedurumque
1035 1392 1247 1432 opponentes
1262 1413 1270 1427 ,
1291 1384 1407 1419 hostes
1430 1382 1708 1418 Christianorum
1732 1385 1811 1418 esse—

133 1445 179 1480 011
194 1474 202 1488 ,
224 1445 358 1480 traditis
378 1459 529 1493 superne
558 1454 635 1481 tum
662 1446 790 1494 scripto
811 1454 886 1480 tum
908 1446 983 1481 sine
1012 1445 1164 1494 scripto,
1186 1445 1338 1480 decretis
1363 1459 1402 1480 ae
1424 1444 1598 1492 mysteriis
1612 1472 1620 1487 ,
1643 1444 1812 1480 audacter

132 1514 165 1540 et
196 1506 292 1540 0111111
316 1519 396 1540 011111
415 1506 576 1541 vecordia
604 1506 826 1549 resistentes,
848 1515 952 1554 atque
982 1506 1143 1541 omnium
1165 1505 1206 1540 ad
1231 1505 1396 1553 pietatem
1423 1504 1705 1540 conducentium
1734 1519 1812 1539 eon-

132 1574 321 1613 temptores
350 1575 458 1601 semet
485 1567 726 1603 ostendentes.
755 1567 837 1603 Non
865 1567 958 1602 enim
985 1581 1043 1602 eos
1071 1567 1336 1614 evangelicum,
1363 1581 1436 1602 non
1463 1566 1712 1615 apostolieum,
1738 1580 1811 1601 non

130 1627 372 1674 propheticum
395 1628 578 1663 oraculum
600 1628 772 1674 convieit3
793 1642 866 1663 non
888 1628 932 1662 iis
953 1628 1189 1663 reverentiam
1217 1627 1403 1663 incutiunt
1426 1635 1562 1676 patrum
1586 1635 1619 1662 et
1642 1626 1810 1662 ccclesiae

130 1687 378 1734 magistrorum
411 1689 632 1735 sententiae3
661 1702 735 1724 non
768 1688 862 1723 aliud
896 1688 1080 1737 quodlibet
1112 1702 1131 1723 a
1162 1687 1297 1736 Spiritu
1330 1688 1536 1736 proveniens
1568 1687 1812 1734 magisterium

132 1748 353 1790 emendavit,
381 1762 453 1783 11011
482 1757 622 1797 patrum
650 1763 708 1784 seu
739 1749 952 1797 spiritalium
979 1763 1041 1783 scu
1072 1749 1268 1784 carnalium
1293 1748 1549 1783 admonitiones
1577 1748 1810 1795 mitigarunt,

130 1823 203 1843 non
232 1810 390 1858 ipsorum
417 1810 605 1846 multitudo
635 1824 817 1845 sacrorum
838 1810 1050 1859 templorum
1074 1810 1206 1859 uquue
1233 1818 1408 1847 terrarum
1432 1811 1583 1854 diffusa,
1606 1811 1811 1858 antiquitate

130 1878 164 1904 et
191 1871 374 1905 sanctitate
403 1871 599 1915 nobilium,
621 1885 694 1906 non
721 1885 902 1906 sacrorum
921 1885 1085 1907 vasorum
1105 1871 1344 1907 inenarrabilis
1365 1885 1532 1907 numerus
1553 1880 1588 1907 ct
1607 1872 1812 1907 inscrutabi-

129 1931 194 1975 lis,
215 1946 303 1980 quae
331 1932 438 1967 sacris
461 1932 662 1968 huiusmodi
689 1933 811 1980 figuris
836 1933 960 1968 decore
989 1941 1184 1975 ornantur,
1206 1947 1280 1968 non
1306 1933 1568 1968 aedificantium
1590 1941 1649 1967 aut
1676 1946 1811 1981 posses-

131 2006 248 2027 sorum
274 2001 349 2027 tuin
377 1993 463 2028 fides
493 2002 568 2028 tum
597 2008 676 2041 erga
703 1993 822 2028 Deum
849 2007 963 2037 amor,
984 1994 1038 2028 vel
1066 1994 1294 2029 offerentium
1321 1994 1478 2030 studium
1506 1994 1697 2042 permovitg
1721 2008 1809 2042 quae

130 2053 245 2088 omnia
274 2062 491 2089 cunctorum
519 2055 659 2089 obtutui
688 2055 842 2103 exposita
868 2063 900 2089 et
925 2055 1097 2102 patentia,
1122 2068 1242 2090 vocem
1269 2055 1526 2103 quodammodo
1556 2055 1684 2089 claram
1710 2054 1811 2089 diser—

132 2123 270 2162 tamque
296 2114 462 2149 emittunt
486 2114 617 2150 Christi
641 2115 853 2150 celebrantia
880 2115 1138 2150 humanationis
1166 2129 1333 2162 magnum
1354 2115 1666 2163 venerandumque
1686 2123 1812 2163 myste-

132 2175 249 2217 rium,
278 2176 475 2223 amorisque
505 2190 585 2223 erga
615 2189 695 2211 eum
723 2184 755 2211 et
784 2176 869 2211 fidei
895 2177 1115 2212 sedulitatem
1141 2185 1245 2225 atque
1273 2178 1457 2212 fervorem.
1486 2175 1593 2222 Quod
1619 2190 1702 2211 vero
1731 2190 1810 2225 prae

132 2236 257 2270 ceteris
285 2236 414 2271 mirum
443 2245 517 2279 est,
538 2237 635 2271 nulla
664 2251 719 2272 eos
746 2238 914 2285 temporis
942 2238 1141 2286 prolixitas,
1163 2238 1192 2272 si
1220 2238 1307 2272 nihil
1334 2238 1453 2281 aliud,
1480 2237 1669 2286 permovit:
1695 2251 1713 2272 a
1740 2252 1810 2286 quo

130 2305 245 2331 tamen
269 2297 387 2332 omnia
410 2297 480 2331 vim
501 2297 659 2345 accipere
680 2312 720 2332 30
740 2298 909 2341 stabiliri,
927 2308 1052 2333 natura
1072 2307 1308 2346 comparatum
1330 2307 1391 2334 est.
1413 2298 1504 2333 Nam
1523 2299 1811 2345 octingentorum

131 2358 199 2391 iam
221 2371 394 2392 annorum
417 2366 552 2406 tempus
574 2358 773 2406 praeteriit,
797 2373 836 2394 ex
858 2373 930 2408 quo
952 2360 1034 2394 haec
1056 2359 1180 2394 tradita
1202 2368 1286 2395 sunt
1307 2368 1339 2394 et
1368 2359 1614 2403 invaluerunt,
1638 2360 1809 2409 quicquid

130 2418 165 2453 hi
191 2433 343 2467 nequam
369 2419 530 2454 homines
555 2419 658 2466 impie
685 2419 876 2455 insaniant.

236 2480 292 2515 32.
322 2479 474 2522 Nonne,
496 2480 660 2528 inquam,
682 2480 769 2515 haec
798 2489 847 2516 est
874 2482 1058 2516 manifesta
1085 2481 1219 2516 insania
1248 2489 1280 2516 et
1307 2481 1484 2518 amentia?
1513 2480 1609 2528 Quid
1639 2481 1734 2517 enim
1762 2482 1810 2516 di-

129 2548 212 2574 eent
238 2540 279 2575 de
308 2540 376 2574 iam
404 2540 570 2583 mortuis,
595 2549 630 2575 et
650 2541 735 2576 hinc
756 2542 951 2589 profectis?
979 2542 1077 2576 Num
1104 2542 1301 2577 idololatrae
1331 2543 1451 2577 cuncti
1478 2543 1644 2585 suerunt,
1668 2551 1701 2577 et
1723 2557 1739 2577 a
1761 2557 1809 2576 sa-

129 2600 204 2635 lute
225 2601 386 2636 funditus
408 2601 639 2638 exciderunt?
668 2601 852 2648 Quomodo
874 2603 979 2650 igitur
1000 2618 1098 2638 verax
1120 2604 1183 2638 erit
1204 2603 1298 2651 apud
1320 2618 1375 2639 eos
1399 2603 1561 2639 Christus
1583 2604 1646 2653 qui
1668 2613 1717 2639 est
1738 2604 1807 2651 ipsa

128 2661 275 2696 veritas?
293 2661 360 2696 Yet
379 2663 553 2711 quomodo
573 2663 606 2698 ei
622 2663 768 2699 credent
785 2664 939 2700 dicenti:
958 2672 980 2685 “
1002 2665 1129 2699 111111130
1149 2665 1239 2712 apud
1258 2673 1392 2714 patrem
1408 2666 1606 2701 mansiones
1623 2673 1706 2699 sunt
1722 2664 1763 2699 *P
1783 2692 1805 2706 „

129 2721 165 2755 id
193 2730 243 2756 est
270 2722 399 2757 multae
429 2723 641 2770 dignitatum
665 2724 953 2761 distributiones:
978 2733 1011 2759 et
1034 2726 1080 2760 ita
1100 2725 1294 2761 viventium
1319 2726 1423 2761 etiam
1449 2726 1644 2774 unicuique
1672 2725 1729 2759 fiet
1756 2738 1807 2758 re-

127 2782 322 2816 muneratio
336 2811 344 2825 ,
367 2784 531 2830 congruis
552 2785 789 2832 praemiorum
810 2785 969 2832 gradibus
991 2786 1157 2821 demensa
1180 2787 1221 2821 ab
1244 2800 1284 2822 eo
1306 2787 1369 2835 qui
1389 2787 1476 2822 haee
1498 2785 1666 2834 inquirit,
1689 2793 1723 2819 ct
1743 2798 1804 2832 pro

127 2856 192 2877 suo
214 2842 360 2890 singulis
381 2845 504 2880 merito
525 2845 708 2893 retribuit3
730 2847 934 2897 multaeque
956 2856 1063 2883 erunt
1085 2856 1118 2883 et
1141 2848 1293 2883 diversae
1314 2848 1350 2883 in
1371 2849 1490 2884 sutura
1511 2845 1727 2882 beatitudine
1751 2845 1805 2880 ad-

1847 1155 1883 1175 es,
1900 1161 1921 1181 ρ.
1940 1158 1982 1175 mx.

1844 2681 1851 2687 '
1868 2678 1917 2699 1011.
1934 2678 1989 2698 ΜΨ.
2004 2685 2015 2698 ’-
