2203 3331
1833 222 1877 255 97

849 306 1048 330 armenium
1073 305 1178 328 Amun

610 396 688 426 DE
734 393 987 425 SANCTI
1033 392 1426 423 RPIPHANII

691 487 872 514 LITURGIA
897 484 1350 512 PRAESANCTIFICATORUM.

238 573 266 602 Ι.
292 572 398 612 Nuper
416 581 449 612 p.
467 573 520 602 95.
543 571 718 602 memoravi
740 569 839 601 sancti
856 568 1029 609 Sophronii
1046 567 1245 608 patriarchae
1263 567 1538 608 hierosolymitani
1554 568 1665 599 missae
1684 568 1885 599 Graecorum

166 625 423 666 explanationem
439 648 447 663 ,
473 634 570 665 quam
594 633 707 664 graece
731 626 803 654 ante
826 622 887 653 hos
911 630 1011 652 annos
1035 630 1073 652 ex
1096 621 1244 651 vaticano
1269 620 1380 651 codice
1403 621 1518 661 cxtuli3
1545 631 1648 662 coque
1665 621 1774 652 libello
1793 630 1887 651 com—

167 679 263 710 mode
279 688 355 710 usus
371 688 442 709 sum
460 678 500 709 ad
516 677 717 708 illustrandas
734 675 888 716 quasdam
904 675 1094 706 saetosaneti
1109 684 1163 716 m)
1165 675 1250 705 sterii
1265 674 1388 705 nobiles
1406 675 1556 715 pictuias.
1576 676 1642 706 Iam
1659 685 1736 706 1010
1752 685 1769 705 a
1794 675 1882 705 dicto

167 732 481 772 Soph10ni0‚inter
505 741 560 762 eos
583 740 665 770 quos
683 730 827 761 nominat
841 729 1043 769 liturgiarum
1060 732 1134 769 post
1150 728 1324 769 apostolica
1343 731 1489 768 tempora
1505 732 1650 760 auctores
1663 752 1671 768 ‚
1689 729 1808 770 plinius
1824 738 1884 768 po-

167 786 254 816 nitur
277 778 291 812 ὁ
320 778 348 811 ἐν
373 773 438 823 027'1:
426 792 466 815 ις
492 773 631 824 ἐπιφανῆ,-
655 772 808 824 Επιφανιε
798 790 823 814 ς
839 802 849 817 ‚
875 787 992 813 sanctus
1013 783 1142 813 zllustris
1165 783 1379 821 Epiplcanzus5
1405 791 1500 822 qnam
1525 792 1583 821 ego
1608 792 1693 814 nunc
1712 784 1879 817 notitiam

169 838 245 869 dum
268 839 301 869 iu
324 838 373 868 his
396 838 519 878 paginis
544 846 610 867 10111
633 836 812 876 liturgicam
840 839 943 867 tracto
960 859 968 875 ,
994 835 1216 877 negligendam
1235 844 1368 876 prorsus
1385 845 1450 866 non
1466 835 1585 867 iudico
1616 838 1662 867 En
1686 841 1792 868 autem
1819 840 1878 869 So-

168 891 300 932 phronii
322 891 381 922 sub
406 891 498 921 initio
521 889 619 920 libelli
647 892 854 929 contextum,
883 899 979 930 quem
1005 898 1090 920 nunc
1112 889 1246 920 latinum
1270 899 1308 919 ex
1335 897 1449 928 graeco
1475 888 1645 920 exhibebo.
1675 904 1686 915 «ι
1711 891 1882 922 Faciebant

174 959 185 969 »
213 944 350 985 apostoli
367 953 476 985 preces
492 943 718 984 mysteriorum
744 942 843 974 divini
860 942 1026 981 sacrificii,
1046 946 1144 984 prout
1159 952 1305 983 quaeque
1322 951 1398 982 gens
1415 943 1497 973 serre
1516 946 1663 983 poterat,
1687 947 1718 974 et
1741 953 1802 984 pro
1829 944 1884 975 ad-

174 1012 185 1022 »
212 998 328 1029 iunctis
351 1001 556 1037 temporum,
583 999 615 1026 et
640 999 882 1036 persecutorum
904 996 1040 1027 insidiis.
1061 997 1100 1027 Et
1117 996 1265 1036 precibus
1290 996 1440 1036 quidem,
1465 999 1561 1036 atque
1580 997 1882 1036 01101313311011111115,

176 1067 187 1077 »
216 1054 334 1092 (prout
360 1052 393 1082 in
417 1051 544 1090 liturgia
571 1050 787 1090 appellantur)
813 1050 946 1081 fortasse
976 1050 1059 1081 inter
1088 1059 1121 1081 se
1152 1050 1359 1090 differebant3
1387 1050 1441 1081 sed
1468 1054 1576 1081 tamen
1606 1050 1788 1081 traditionis
1815 1061 1884 1092 my—

175 1119 187 1131 »
214 1105 385 1136 steriorum
412 1104 516 1135 soi-ma
545 1103 631 1144 apud
663 1112 773 1134 omnes
803 1103 924 1144 absque
956 1103 1019 1134 ulla
1047 1104 1200 1134 varietate
1228 1102 1480 1144 perficiebatur,
1511 1103 1606 1138 sicuti
1631 1112 1703 1133 eam
1734 1102 1882 1134 dominus

177 1174 188 1185 »ι
215 1161 325 1189 noster
347 1158 436 1188 Iesus
451 1158 594 1188 Christus
611 1157 797 1189 tradiderat.
829 1159 906 1189 Post
930 1157 1099 1198 deiloquos
1124 1160 1227 1188 autem
1256 1158 1421 1198 apostolos
1436 1180 1444 1195 ‚
1464 1157 1611 1188 nonnulli
1627 1161 1807 1188 sanctorum
1828 1168 1884 1198 pa-

179 1227 189 1235 »
216 1215 302 1242 trum
330 1220 386 1251 per
421 1220 453 1241 sc
477 1211 612 1251 quisque
639 1211 820 1251 singillatim
846 1221 956 1252 preces
983 1214 1014 1242 et
1047 1211 1291 1242 exclamationes
1307 1234 1315 1249 ‚
1352 1210 1546 1251 plenumque
1579 1211 1772 1241 sacrosancti
1804 1212 1883 1241 ritus

179 1280 189 1289 ›·
218 1263 362 1295 officium
385 1268 655 1304 composuernnt3
681 1264 782 1295 veluti
806 1268 932 1296 sanctus
956 1264 1085 1295 illustris
1110 1273 1312 1295 EPIPHANIL'S
1327 1287 1335 1303 ,
1356 1267 1387 1294 et
1410 1272 1546 1303 magnus
1563 1263 1697 1294 Basilius
1713 1288 1720 1302 2
1742 1266 1773 1293 et
1791 1263 1883 1294 divus

179 1332 190 1343 »
219 1317 477 1358 Chrysostomus.
504 1317 603 1348 Simul
626 1327 703 1348 vero
728 1317 835 1348 cuncti
859 1317 897 1348 de
915 1317 1065 1348 scatebris
1089 1317 1207 1348 vivifici
1224 1317 1322 1348 sontis
1338 1316 1483 1348 Paraeliti
1499 1316 1661 1347 doctrinas
1678 1326 1748 1348 suas
1764 1317 1880 1348 hause-

180 1385 191 1395 »
219 1374 313 1401 runt:
340 1379 417 1410 quas
445 1370 703 1401 orthodoxorum
738 1370 891 1409 ecclesia,
923 1373 1088 1410 tamquam
1116 1370 1155 1400 ab
1178 1370 1248 1410 ipso
1272 1370 1405 1411 {Christo
1430 1369 1530 1400 dictas
1557 1370 1719 1410 factasque
1748 1371 1883 1410 recepit.

180 1437 191 1448 »
218 1424 258 1453 Et
281 1433 384 1461 nunc,
410 1433 487 1464 prae
512 1424 595 1463 aliis,
615 1424 762 1464 liturgiae
786 1424 852 1456 divi
866 1424 972 1455 Basilii
998 1428 1029 1455 et
1047 1424 1197 1455 Iohannis
1214 1424 1432 1464 Chrysostomi
1455 1423 1718 1463 frequentantur,
1740 1432 1812 1453 011111
1830 1423 1883 1454 illa

180 1490 191 1500 ι»
218 1476 570 1508 Praesanctificatorum
586 1501 594 1515 ‚
621 1487 716 1517 quam
740 1477 795 1508 alii
821 1487 888 1508 esse
910 1477 1020 1508 Iacobi
1044 1477 1174 1517 dicunt,
1197 1468 1254 1517 qui
1277 1477 1391 1508 fratrer
1407 1476 1536 1507 Domini
1560 1477 1717 1507 vocitatus
1741 1479 1787 1507 cst
1801 1499 1809 1515 ⁷
1830 1477 1882 1507 alii

179 1544 191 1555 υ
218 1530 306 1560 Petri
330 1530 525 1570 coryphaei,
551 1531 605 1561 alii
631 1531 700 1561 aliis
724 1530 904 1571 adsignant.
926 1546 938 1557 »

243 1584 274 1613 2.
294 1584 483 1624 Priusquam
507 1594 584 1614 vero
609 1593 668 1615 nos
691 1584 731 1615 ad
749 1585 964 1625 Epiphanium
980 1585 1142 1616 veniamus
1156 1609 1165 1625 ,
1184 1588 1295 1616 notatu
1322 1584 1417 1625 digna
1434 1584 1590 1616 credimus
1611 1583 1780 1625 Sophrouii
1804 1583 1882 1614 hacc

175 1640 336 1676 postrema
353 1637 449 1668 verba
477 1637 515 1668 de
540 1637 670 1677 liturgia
695 1647 750 1669 seu
773 1639 867 1670 missa
890 1638 1242 1670 Pracsanctificatorum
1263 1638 1372 1670 Iacobi
1390 1639 1440 1669 vel
1454 1638 1539 1669 Petri
1557 1661 1564 1677 ,
1589 1638 1645 1678 qui
1662 1637 1884 1668 nonnullarum

175 1689 307 1729 quidem
334 1690 485 1729 aliarum,
515 1699 594 1730 quae
617 1694 743 1731 extant,
769 1694 924 1732 putantur
939 1695 1086 1732 parentes
1100 1692 1301 1731 liturgiarum
1315 1715 1324 1730 7
1342 1692 1470 1722 minime
1493 1700 1569 1722 vero
1596 1692 1709 1722 missae
1729 1692 1883 1721 Praesen-

176 1743 400 1774 ctificatorum.
418 1743 478 1775 Sed
495 1747 601 1775 tamen
618 1754 690 1775 0000
707 1745 831 1776 Marcus
849 1755 899 1776 ev.
914 1745 1029 1777 dicitur
1045 1745 1390 1777 Praesanctificatorum
1406 1745 1517 1775 missac
1533 1748 1644 1775 auctor
1659 1745 1691 1775 13
1705 1744 1885 1783 fragmento

176 1796 344 1827 basilianae
364 1797 511 1838 liturgiae
532 1798 672 1837 inserto,
689 1797 774 1839 apud
798 1798 955 1829 Aloisium
981 1801 1188 1830 Assemanum
1217 1798 1290 1829 cod.
1316 1799 1425 1838 liturg.
1451 1799 1486 1828 T.
1506 1798 1578 1829 VH.
1604 1807 1638 1838 p.
1670 1799 1723 1837 73,
1742 1798 1883 1838 itemque

176 1849 263 1889 apud
281 1850 517 1881 Renaudotium
534 1851 646 1891 liturg.
667 1861 716 1882 or.
737 1853 773 1883 T.
793 1853 821 1883 Ι.
840 1862 874 1892 p.
895 1854 949 1891 79,
970 1853 1024 1892 qui
1042 1853 1188 1883 notitiam
1206 1853 1396 1892 insperatam
1420 1852 1451 1882 in
1475 1852 1558 1882 notis
1581 1861 1612 1892 p.
1634 1852 1709 1882 341.
1735 1852 1882 1882 miratur.

176 1902 257 1942 Alii,
285 1906 321 1934 nt
342 1907 455 1934 notum
473 1908 538 1944 est,
558 1905 720 1944 liturgiam
744 1905 825 1936 hanc
844 1907 944 1946 (quae
971 1905 1057 1946 apud
1082 1906 1212 1936 Latinos
1235 1909 1282 1936 est
1308 1905 1399 1936 missa
1416 1904 1510 1935 feriae
1535 1908 1639 1935 sextae
1664 1913 1798 1944 maguae
1828 1914 1886 1944 pa-

176 1958 372 1995 iascex·es)S
378 1957 560 1997 ‚Gregoiio
576 1957 603 1987 Ι.
624 1967 724 1998 papae
740 1958 997 1999 adsciipserunt,
1017 1959 1067 1989 cui
1089 1959 1260 1989 sententiae
1279 1958 1468 1989 contradicit
1487 1959 1551 1988 Leo
1578 1957 1735 1988 Allatius
1727 1967 1761 1988 111
1777 1958 1885 1998 priore

177 2008 302 2040 dissert
331 2010 370 2041 de
389 2011 593 2042 Piaesanctif.
615 2015 689 2052 post
705 2021 787 2052 opus
806 2012 845 2043 de
863 2022 1018 2043 consensu
1036 2022 1069 2052 p.
1093 2014 1187 2043 1531.
1208 2012 1345 2043 Smithus
1364 2011 1491 2042 demum
1508 2013 1557 2042 vir
1576 2011 1689 2042 doctus
1714 2011 1826 2051 anglus
1845 2010 1885 2041 dc

178 2062 257 2093 hod.
276 2066 338 2093 stat
369 2064 448 2094 eccl.
467 2074 516 2105 gr.
542 2065 593 2096 ed.
612 2065 751 2096 Londin.
771 2075 805 2106 p.
827 2067 881 2097 98.
899 2069 1042 2097 sanctum
1065 2066 1256 2096 Germanum
1282 2065 1665 2105 constantinopolitanum
1688 2066 1800 2095 missac
1825 2064 1886 2095 hu-

178 2115 228 2145 ius
251 2120 413 2148 auctorem
430 2117 525 2149 fuisse
549 2118 721 2150 hariolatus
745 2123 804 2150 est.
823 2120 922 2160 Atqui
940 2119 1077 2160 inclytus
1094 2119 1187 2150 Card.
1207 2120 1296 2149 Bona
1317 2128 1380 2149 rer.
1406 2118 1514 2157 liturg.
1535 2118 1592 2148 lib.
1617 2119 1644 2148 I.
1666 2127 1737 2158 cap.
1757 2118 1825 2148 XV.
1853 2118 1885 2147 6.

179 2176 252 2197 cum
277 2169 392 2200 Allatio
417 2170 542 2201 dissert.
564 2173 606 2202 II.
628 2182 662 2212 p.
688 2174 783 2203 1595.
807 2176 878 2203 ante
906 2172 1072 2203 dimidium
1095 2175 1180 2203 certe
1207 2172 1311 2212 quarti
1329 2171 1444 2202 saeculi
1468 2172 1606 2202 extitisse
1627 2171 1708 2202 hanc
1727 2171 1888 2210 liturgiam

179 2220 320 2260 indicat,
348 2231 384 2253 ex
410 2232 530 2255 canone
555 2225 609 2255 49.
640 2225 806 2256 laodiceno
835 2227 867 2256 in
892 2235 956 2266 quo
984 2226 1121 2256 sancitur
1148 2234 1238 2256 «non
1267 2228 1417 2265 oportere
1446 2225 1479 2255 in
1508 2224 1748 2265 quadragesima
1773 2233 1887 2264 panem

180 2274 315 2312 offerre,
338 2276 398 2306 nisi
419 2276 552 2308 sabbato
580 2281 611 2308 et
635 2278 685 2309 die
708 2270 870 2310 dominico
887 2282 1022 2310 tantum.
1041 2293 1053 2305 »
1081 2280 1119 2309 Et
1144 2287 1251 2309 revera
1277 2278 1387 2309 Graeci
1405 2279 1515 2309 saltem
1539 2278 1733 2318 antiquiores
1750 2277 1888 2317 quadra-

179 2328 320 2366 gesimali
344 2332 509 2369 tempore,
539 2331 669 2371 reliquis
700 2334 842 2372 (praeter
861 2332 941 2363 duos
964 2332 1083 2371 dictos)
1110 2332 1222 2363 diebus
1246 2342 1311 2363 non
1341 2331 1591 2370 consecrabant.
1615 2331 1669 2362 sed
1693 2331 1886 2369 utebantur.

180 2382 462 2414 Praesanctificatis
488 2384 537 2415 die
561 2384 721 2416 dominico
746 2386 976 2426 praecedente3
997 2396 1077 2426 qnae
1093 2387 1214 2418 scilieet
1229 2390 1275 2417 est
1292 2388 1360 2426 ipsa
1383 2387 1530 2426 liturgia,
1558 2385 1596 2416 de
1618 2395 1681 2426 qua
1704 2385 1885 2425 loquimur.

179 2435 542 2468 Praesanctificatornm.
568 2439 659 2469 Nunc
691 2439 730 2470 ad
754 2442 876 2470 ceteros
904 2440 1014 2471 missae
1041 2441 1135 2471 huius
1160 2444 1384 2472 controversos
1408 2443 1554 2471 auctores
1579 2439 1700 2470 accedit
1718 2439 1811 2469 etiam
1833 2447 1890 2477 ej·-

179 2488 268 2527 prius
284 2489 503 2529 Epiphanius:
522 2492 638 2523 etenim
652 2493 782 2533 liturgia
801 2494 834 2524 in
857 2493 968 2525 codice
982 2494 1140 2534 vaticano,
1159 2497 1196 2524 nt
1216 2503 1291 2525 mox
1310 2494 1450 2525 dicemus
1463 2518 1471 2533 ‚
1488 2494 1562 2524 huic
1588 2493 1738 2533 inscripta
1752 2514 1760 2529 ‚
1779 2501 1887 2530 reapse

180 2544 531 2575 Praesanctisicatorum
560 2549 617 2576 est.

247 2597 279 2627 3.
306 2597 410 2636 Quum
424 2598 521 2638 igitur
538 2608 575 2630 ex
593 2609 664 2630 mco
681 2599 863 2640 sophronio
882 2600 1063 2631 didicissem
1081 2610 1201 2632 novum
1218 2601 1365 2640 liturgiae
1384 2601 1467 2639 (sive
1484 2600 1660 2631 communis
1675 2608 1729 2639 per
1747 2607 1863 2628 annum
1879 2620 1886 2626 .

181 2650 248 2680 sive
274 2651 385 2682 saltem
412 2652 782 2691 Praesanctisscatorum)
807 2656 968 2684 auctorem
1001 2654 1095 2684 fuisse
1120 2654 1354 2695 Epiphanium‚
1378 2654 1547 2694 stupebam
1576 2651 1744 2692 equidem,
1774 2658 1889 2680 nomen

182 2701 276 2733 huius
303 2704 335 2734 in
365 2704 458 2736 nullis
486 2715 641 2747 apparere
672 2707 807 2747 liturgiis
839 2707 903 2738 sive
925 2707 1013 2747 apud
1039 2707 1090 2737 Al.
1110 2709 1315 2738 Asseinanum
1336 2708 1369 2738 in
1386 2707 1535 2746 liturgico
1560 2706 1692 2743 codice⁷
1720 2704 1785 2734 sive
1803 2702 1889 2742 apud

182 2755 437 2798 Renaudotium‚
467 2759 532 2790 sive
562 2760 595 2790 in
623 2763 673 2791 tot
703 2761 839 2800 liturgiis
871 2760 1093 2799 orientalium,
1126 2769 1238 2800 graeco
1267 2760 1356 2791 sonte
1385 2760 1574 2801 plerumq-ac
1605 2756 1780 2795 derivatis,
1812 2765 1891 2795 quas·

183 2817 434 2842 commemorant
464 2812 542 2843 Abr.
575 2813 784 2844 Ecchellensis
808 2813 849 2844 ad
880 2813 1070 2844 Ebediesum
1086 2836 1094 2851 ,
1121 2816 1153 2844 et
1180 2814 1245 2844 Ios.
1277 2814 1466 2844 Asseinanus
1493 2812 1607 2852 passini
1634 2811 1666 2840 in
1696 2808 1892 2839 bibliotheca

183 2863 353 2903 orientali,
379 2865 495 2904 quihus
523 2867 604 2898 adde
634 2868 814 2907 catalogum
842 2868 1049 2908 quadraginta
1071 2867 1271 2908 liturgiarum
1298 2868 1531 2899 chaldaicarum
1549 2874 1566 2895 a
1586 2863 1790 2902 Schultingio
1807 2862 1889 2892 bibi.

182 2916 260 2947 eccl.
280 2917 316 2948 T.
334 2918 392 2948 111.
414 2927 448 2959 p.
472 2921 545 2961 100,
564 2924 758 2952 contextum:
785 2921 845 2953 Sed
870 2931 907 2952 ne
932 2930 991 2962 ego
1017 2921 1146 2962 quidem
1165 2921 1197 2952 in
1215 2921 1310 2953 editis
1329 2931 1346 2952 a
1362 2930 1410 2951 nie
1429 2919 1629 2951 arabicorum
1643 2941 1651 2957 ‚
1670 2917 1890 2957 syriacorum,

1781 2973 1813 2996 13
