2203 3331
730 159 794 184 rao
820 160 948 184 saxeus
973 158 1173 183 111Αο151305.
1741 154 1810 188 245

136 216 351 265 incorporei,
369 215 445 250 loco
467 214 623 250 sensibili
641 215 885 252 circumscribi
907 224 1028 265 suapte
1051 224 1174 250 natura
1190 225 1370 264 nequeunt
1384 246 1391 259 ‚
1412 218 1502 253 sicut
1522 226 1623 253 antea
1640 218 1710 253 iam
1728 219 1811 253 dixi-

129 292 219 314 mus.
249 278 339 313 Nam
359 277 387 311 si
407 276 620 325 quandoque
644 278 679 312 in
701 291 844 326 corpore
873 278 969 312 divos
995 277 1135 324 angelos
1159 277 1354 324 apparuisse
1377 279 1500 327 aliquis
1527 280 1702 322 audierit,
1723 280 1811 314 nihil

129 339 227 374 aliud
249 339 460 381 arbitretur,
483 339 550 373 nisi
578 348 752 387 quatenus
776 339 833 373 tali
855 351 938 374 cum
960 338 1077 386 specie
1101 337 1144 372 ad
1167 337 1232 371 sibi
1258 339 1483 374 commissum
1505 341 1739 375 ministerium
1761 340 1811 375 in-

130 400 363 441 cumbebant,
393 407 503 434 terrac
532 399 659 434 incolis
689 399 930 444 consulendog
958 407 1142 447 propterea
1168 397 1263 446 quod
1294 398 1458 433 invisibili
1485 409 1607 435 natura
1635 402 1808 449 praediti,

128 459 314 507 symbolica
335 460 397 494 sub
420 460 531 506 figura
554 460 822 507 conspiciendos
843 474 878 494 se
901 458 1041 494 dabant.
1070 457 1149 504 Qua
1171 458 1306 492 ratione
1332 459 1434 493 ctiam
1455 460 1491 494 in
1513 460 1610 503 loco,
1631 470 1807 509 quatenus

127 534 199 555 non
221 520 305 555 alibi
327 520 508 555 oraculum
535 520 687 555 reddunt
708 529 811 569 atque
833 528 1043 568 operantur,
1065 518 1214 554 existere
1240 519 1430 565 dicuntur3
1454 533 1535 555 nam
1556 522 1690 570 ubique
1714 537 1785 558 esse
1800 552 1808 567 ,

125 581 235 616 solius
256 582 391 616 dix-inae
414 591 447 616 ct
469 581 565 616 omni
593 581 738 616 notitiae
768 580 954 629 imperviae
975 579 1045 615 Dei
1066 588 1213 615 naturae
1239 580 1419 628 proprium
1443 590 1493 615 051
1517 583 1579 630 (1)
1608 583 1647 617 Id
1670 592 1806 627 tamen,

124 643 318 690 quominus
347 643 460 690 angeli
489 643 559 677 51111
587 642 806 690 incorporei,
828 655 901 676 11011
929 649 1029 676 vetat.
1057 640 1135 676 Nee
1162 649 1255 676 certe
1282 649 1419 689 oportet
1447 642 1661 686 existimare,
1683 644 1808 680 ferinis

121 703 334 751 quibusdam
355 704 550 739 beluinisve
571 703 692 737 formis
706 732 714 745 ,
736 702 788 737 vel
808 702 904 737 alatis
926 702 1064 745 avibus,
1087 701 1431 750 supermundialium
1451 702 1622 739 virtutum
1649 706 1808 740 substan-

123 764 205 798 tiam
235 779 306 799 0550
336 764 609 813 exprimendam.
639 764 683 799 Et
711 773 826 799 tamen
848 764 975 799 divinis
1002 763 1173 806 nutibus,
1194 763 1276 812 quia
1296 762 1395 798 Deus
1417 763 1467 799 sie
1493 764 1623 808 voluit,
1645 767 1747 801 cuius
1769 767 1806 801 in

125 834 321 873 conspectu
346 826 463 860 omnia
487 825 601 860 facilia
626 838 666 860 ac
690 825 778 860 levia
802 824 984 868 videntur,
1011 832 1044 859 et
1068 824 1157 873 picti
1181 825 1326 859 suerunt
1349 824 1463 871 angeli
1486 833 1520 859 et
1542 825 1625 861 ficti.

229 885 389 922 Christus
409 900 490 921 vero
513 885 610 921 Deus
637 894 773 929 noster,
796 886 859 935 qui
881 893 1126 934 paupertatem
1147 894 1304 921 nostram
1332 885 1397 920 sihi
1424 885 1565 929 induit,
1588 895 1692 935 atque
1714 888 1805 924 hanc

124 960 272 982 crassam
300 947 584 996 materialemque
606 947 648 982 de
672 956 761 982 terra
782 955 954 995 sumptam
977 945 1126 995 gestavit
1151 946 1401 990 carunculam,
1424 961 1551 996 corpus
1579 948 1724 997 inquam
1744 950 1808 985 hu-

121 1006 278 1041 militatis
298 1016 435 1042 nostrae
447 1037 455 1050 ‚
474 1008 632 1056 servique
649 1009 796 1043 formam
813 1008 879 1043 sibi
898 1007 1035 1050 univit,
1051 1007 1338 1055 corruptibilem,
1355 1007 1565 1043 delineatam
1577 1036 1584 1050 ,
1603 1017 1637 1043 et
1658 1008 1805 1044 circum-

119 1068 305 1116 scriptam,
329 1082 391 1103 cur
411 1082 483 1103 non
505 1069 669 1116 pingetur
691 1077 752 1103 aut
774 1068 1114 1104 circumscribetur?
1142 1068 1332 1114 Quatenus
1354 1068 1472 1117 itaque
1501 1069 1660 1117 apparuit
1681 1070 1802 1105 similis

119 1129 222 1163 1101115
249 1129 373 1172 homo,
396 1137 431 1164 et
454 1129 490 1163 in
513 1143 659 1177 corpore
689 1129 813 1164 incolis
840 1137 955 1163 terrae
978 1128 1267 1177 conspiciendum
1288 1142 1325 1163 se
1348 1128 1496 1172 obtulit,
1520 1137 1554 1164 et
1580 1139 1802 1166 conversatus

119 1198 191 1232 est,
212 1191 333 1238 utique
362 1191 524 1239 pingitur
544 1199 576 1225 et
598 1191 791 1237 figuratur,
814 1203 927 1238 quum
950 1190 1070 1226 nullus
1091 1190 1218 1225 modus
1241 1190 1383 1237 cogitari
1403 1190 1533 1238 possit,
1556 1205 1627 1239 quo
1647 1193 1747 1226 unita
1769 1193 1802 1227 ei

119 1250 227 1286 semel
247 1251 458 1299 hypostatice
479 1265 558 1285 caro
572 1280 579 1294 ,
602 1251 762 1299 picturae
785 1265 909 1294 causa,
934 1251 1083 1300 separari
1105 1265 1144 1286 ac
1167 1250 1277 1286 dividi
1299 1265 1317 1285 a
1339 1251 1521 1286 divinitate
1544 1251 1672 1294 valeat,
1694 1267 1803 1300 quan-

119 1311 245 1345 tumvis
275 1311 375 1346 stulti
402 1312 438 1346 111
468 1312 503 1346 111
524 1311 707 1346 infinitum
735 1312 896 1348 delirent.
927 1311 1020 1346 Nam
1047 1325 1138 1360 quae
1165 1311 1252 1346 ratio
1276 1311 1312 1346 id
1336 1312 1457 1358 coget?
1484 1310 1649 1347 Profecto
1670 1312 1704 1347 id
1726 1313 1801 1348 fieri

117 1372 323 1406 naturaliter
352 1387 472 1420 posse,
494 1386 690 1420 numquam
718 1372 1024 1407 demonstrabitur.
1052 1372 1126 1407 Aut
1154 1372 1205 1407 sic
1233 1381 1405 1420 oporteret
1432 1386 1514 1407 sane
1540 1372 1698 1408 Verbum
1725 1374 1797 1422 pati

116 1446 221 1467 carne
244 1432 402 1480 patiente
415 1461 423 1475 ,
443 1441 476 1467 et
498 1434 561 1467 hac
583 1433 793 1468 circumcisa
817 1432 1045 1475 circumcidi,
1063 1440 1099 1467 et
1120 1432 1307 1475 commori,
1325 1441 1360 1467 01
1379 1432 1442 1467 0110
1462 1433 1690 1477 huiusmodi,
1707 1449 1796 1483 quae

116 1493 287 1541 passibilis
315 1492 539 1540 mortalisque
568 1501 715 1527 naturae
744 1501 827 1527 sunt
854 1492 1013 1540 propria,
1035 1501 1179 1540 propter
1204 1493 1379 1527 unionem
1405 1493 1571 1541 patietur.
1601 1493 1682 1540 Quo
1710 1495 1797 1544 quid

113 1566 190 1588 esse
216 1561 332 1601 potest
358 1553 652 1595 irrationabilius,
680 1561 739 1588 aut
767 1553 1016 1600 irreligiosius?
1038 1552 1104 1587 Vel
1130 1553 1195 1587 sibi
1221 1553 1457 1600 imaginentur
1484 1554 1526 1589 ab
1556 1568 1596 1589 eo
1626 1564 1796 1604 sumptam

112 1613 287 1648 diversam
307 1627 326 1648 a
347 1623 469 1648 nostra
497 1622 660 1648 naturam
674 1643 681 1657 ,
704 1622 742 1648 ut
770 1613 974 1648 nullatenus
1001 1627 1082 1648 cum
1103 1627 1142 1648 00
1164 1613 1483 1657 communicantes,
1506 1614 1688 1663 desperata
1714 1617 1796 1665 ipsis

113 1683 149 1709 01
177 1675 400 1723 impossibilis
430 1674 567 1709 salvatio
596 1675 664 1710 fiat.
689 1674 756 1709 Yet
784 1675 1039 1723 phantasticam
1065 1688 1104 1709 ac
1132 1674 1352 1718 simulatam,
1375 1675 1470 1710 iuxta
1497 1675 1796 1713 Manichaeorum

113 1735 345 1771 deliramenta
357 1764 365 1778 ,
381 1736 509 1784 quibus
531 1736 796 1783 obsequuntur,
814 1735 935 1770 «licant
954 1735 1060 1771 fuisse
1078 1735 1362 1771 incarnationem
1381 1750 1442 1785 pro
1460 1750 1521 1772 sua
1537 1737 1689 1781 insania,
1707 1752 1795 1774 eam-

110 1810 180 1845 que
198 1796 344 1831 demum
361 1805 566 1844 pernegent.
590 1795 711 1841 Quid?
730 1795 861 1830 Nonne
880 1795 974 1844 apud
994 1809 1118 1831 omnes
1138 1796 1345 1832 orthodoxos
1366 1796 1605 1841 Christianos,
1624 1798 1692 1833 iam
1711 1799 1793 1833 inde

111 1871 130 1892 a
158 1857 296 1891 divinae
325 1856 552 1905 apparitionis
583 1857 810 1906 salutarisque
840 1857 1097 1893 incarnationis
1127 1857 1350 1906 primordiis,
1378 1858 1535 1906 pingitur
1565 1858 1725 1894 Christus
1753 1874 1792 1895 ac

109 1919 305 1964 figuratur,
327 1926 368 1953 ut
393 1919 484 1953 faeta
506 1926 540 1952 et
563 1918 635 1966 ipsa
662 1918 786 1953 1011105
814 1918 1030 1954 ostendunt?
1058 1918 1100 1953 Id
1128 1927 1273 1953 testatur
1298 1918 1401 1954 etiam
1427 1919 1603 1967 praeteriti
1630 1921 1791 1969 temporis

106 1979 315 2026 longitudo,
338 1987 372 2014 et
399 1979 588 2014 innumera
616 1988 691 2014 tum
719 1979 896 2015 artificum
922 1988 998 2014 tum
1024 1979 1246 2028 opificiorum
1266 1980 1478 2023 multitudo,
1499 1980 1659 2015 omnium
1679 1981 1790 2016 oculis

109 2040 250 2074 obiecta
276 2040 332 2088 pie
360 2040 486 2088 oppido
507 2049 541 2074 et
563 2053 699 2075 summo
730 2053 810 2074 cum
838 2040 986 2083 decore,
1008 2048 1149 2075 tantum
1175 2041 1359 2076 manifeste
1386 2055 1461 2076 non
1486 2042 1678 2077 inclamans
1707 2056 1792 2078 eun-

111 2108 251 2135 ctorum
279 2100 442 2143 auribus,
467 2100 660 2136 Servatoris
688 2115 765 2148 erga
794 2116 859 2136 1105
888 2110 1057 2150 patratam
1083 2102 1298 2145 bonitatem,
1321 2111 1355 2137 01
1379 2103 1632 2138 incarnationis
1660 2103 1735 2139 eius
1757 2113 1790 2139 et

110 2160 421 2196 condescensionis
451 2162 641 2197 ostendens
670 2163 895 2210 mysterium,
918 2177 1034 2211 neque
1059 2163 1173 2197 secius
1194 2162 1327 2198 docens
1355 2177 1459 2212 quam
1488 2177 1627 2199 sacrum
1648 2179 1790 2212 evange-

109 2222 216 2267 lium3
236 2231 310 2257 tum
333 2231 366 2257 et
388 2231 590 2257 sanctorum
612 2223 701 2258 clara
722 2223 877 2258 facinora
898 2232 932 2258 ct
953 2223 1156 2258 admiranda
1176 2225 1366 2259 certamina
1388 2225 1546 2273 ipsorum
1564 2226 1787 2273 praedicans,

110 2292 146 2317 et
174 2297 294 2318 eorum
323 2283 384 2331 qui
412 2284 496 2318 hacc
525 2283 665 2318 abolent
696 2297 897 2331 perversum
924 2284 1084 2319 animum
1117 2293 1151 2318 et
1178 2284 1457 2320 incredulitatem
1487 2286 1628 2333 publice
1657 2286 1789 2334 vitupe-

110 2357 197 2378 ranS.
220 2350 242 2364 ²·
270 2344 412 2379 Cuncta
434 2344 528 2378 enim
553 2344 746 2392 conspicua
767 2353 847 2379 sunt
870 2345 1147 2392 intelligentibus
1162 2373 1170 2387 ,
1192 2353 1227 2379 et
1248 2354 1344 2380 recta
1368 2346 1420 2380 his
1445 2346 1507 2395 qui
1528 2346 1711 2382 scientiam
1735 2347 1786 2382 in-

111 2432 134 2447 „
163 2412 335 2438 venerunt
357 2406 384 2439 ·ῗῖ
412 2433 434 2447 .,

211 2464 301 2510 Quis
322 2479 403 2500 vero
426 2474 496 2500 tam
517 2466 620 2501 miser
643 2476 695 2502 cst
718 2476 752 2502 et
773 2468 888 2503 animo
919 2482 1044 2504 caecus
1065 2482 1106 2504 ac
1127 2469 1275 2504 stolidus
1289 2497 1297 2512 ,
1318 2478 1357 2504 ut
1378 2469 1461 2505 huie
1482 2478 1551 2505 tam
1577 2470 1687 2505 clarae
1709 2470 1784 2506 lim-

107 2524 380 2574 pidissimaeque
402 2527 537 2562 veritati
561 2528 803 2563 contradicere
825 2529 932 2564 velit?
954 2530 1140 2575 Quomodo
1155 2559 1162 2571 ,
1184 2538 1371 2579 postquam
1393 2530 1495 2566 talem
1516 2531 1784 2579 appellationem

107 2585 288 2631 (imaginis
319 2586 475 2634 Christi)
506 2589 643 2635 pictura
671 2590 794 2631 habet,
816 2603 890 2624 non
912 2590 955 2624 sit
976 2591 1175 2625 veneranda
1197 2599 1231 2625 et
1252 2591 1499 2638 glorificanda?
1527 2591 1632 2627 Haud
1655 2591 1781 2639 quippe

103 2645 294 2680 absurdum
318 2647 361 2681 sit
382 2648 474 2683 hanc
499 2648 629 2683 Christi
650 2650 794 2684 1101111110
818 2650 1004 2697 indigitare
1019 2678 1026 2692 ‚
1048 2650 1154 2685 veluti
1179 2650 1401 2687 Cherubinos
1422 2652 1505 2687 illos.
1535 2651 1715 2698 Quaenam
1734 2664 1783 2685 ra-

106 2705 151 2739 tio
173 2707 220 2740 sic
243 2721 317 2741 00111
338 2708 563 2744 denominare
585 2712 698 2747 vetat?
724 2710 885 2759 Namque
908 2712 957 2746 ibi
978 2712 1217 2760 spectantibus
1241 2711 1374 2748 Christi
1394 2727 1525 2749 nomen
1547 2712 1723 2754 occurrit,
1747 2720 1779 2745 et

184 2798 217 2828 ll)
238 2798 410 2832 Augustinus
429 2806 510 2826 serm.
532 2801 590 2827 LII.
615 2804 661 2828 15:
684 2801 761 2828 altra
781 2801 854 2828 locos
873 2802 1037 2836 corporales
1055 2805 1098 2830 est
1114 2803 1273 2837 ‹livinitas;
1289 2811 1370 2832 nemo
1389 2812 1453 2832 eam
1474 2806 1618 2839 tamquam
1640 2804 1668 2829 ἱιι
1685 2803 1779 2837 spallo

102 2842 243 2875 requirat.
267 2842 375 2877 Ubique
395 2844 545 2872 invisibilis
564 2848 591 2872 el
610 2846 842 2881 inseparabiliter
861 2846 950 2874 adest.

1832 1573 1870 1594 Gr.
1884 1579 1906 1600 p.
1923 1578 1966 1596 112».

1820 2422 1830 2433 ‘
1845 2422 1911 2443 Prot:
1930 2422 1986 2444 vlu.
2002 2427 2020 2442 ν.
