2203 3331
727 190 789 214 pao
814 189 942 214 saneris
967 187 1167 212 mmmmrs.
1718 177 1779 211 181

116 249 302 300 impietatis
324 246 568 296 praecipitium
597 260 657 281 sua
684 246 759 281 illos
788 246 965 293 utrimque
994 252 1095 290 urget
1122 243 1341 290 blasphemia.
1368 243 1478 279 Nobis
1506 242 1651 292 quidem
1679 257 1785 291 super

117 325 215 346 verae
236 308 372 358 pietatis
394 307 622 343 fundamento
644 316 716 342 tute
739 306 956 348 constitutis,
977 303 1171 340 cuiusmodi
1193 303 1237 337 sit
1257 304 1361 338 huius
1382 305 1432 339 rei
1455 304 1629 339 sententia
1651 313 1684 339 et
1707 318 1788 352 qua-

120 373 162 407 lis
183 371 318 412 cultus,
341 368 653 416 exploratissimum
675 376 747 410 est,
771 367 812 402 iis
837 375 931 401 certe
953 365 1013 414 qui
1034 378 1112 398 vere
1136 363 1397 411 prudentesque
1418 378 1536 412 sapere
1565 364 1786 406 curaverint,

121 442 154 466 et
179 430 354 465 incolume
381 429 605 464 ratiocinium
630 428 814 463 retineant.
843 426 953 461 Immo
977 438 1057 459 vero
1084 424 1133 458 illi
1155 432 1192 458 ut
1212 424 1313 457 bruta
1334 424 1493 458 animalia
1519 433 1657 467 errant,
1681 424 1789 472 impu-

121 504 201 526 rum
228 499 263 525 et
291 497 449 524 sanctum
476 489 618 538 perinde
646 489 826 523 habentes.
853 486 930 522 Nec
958 485 1078 527 video,
1100 484 1275 533 quomodo
1302 484 1391 518 hanc
1418 484 1674 532 turpitudinem
1701 485 1788 519 facie

118 565 179 586 sua
201 551 336 593 eluent,
356 559 526 599 perpetuo
549 550 612 584 illis
634 549 804 584 inflictam
826 556 860 582 et
879 547 1139 582 adhaerentem.
1163 544 1351 591 Quomodo
1372 544 1475 579 stulte
1498 544 1582 580 adeo
1606 554 1709 593 atque
1731 546 1792 580 im-

119 611 233 659 perite
259 611 476 647 Christianos
498 619 685 652 accusant,
707 608 806 657 quasi
826 621 935 656 aeque
957 621 994 642 ac
1018 606 1093 641 illos
1118 606 1211 641 circa
1238 618 1357 640 rerum
1385 619 1559 640 sacrarum
1580 606 1714 641 cultum
1743 606 1793 641 in-

119 673 277 718 saniantg
303 672 337 707 id
367 672 608 708 coniectantes
632 669 793 705 videlicet
817 683 857 703 ex
881 682 941 703 sua
969 667 1113 716 perfidia
1142 676 1175 702 et
1198 666 1386 714 apostasia,
1408 674 1511 714 atque
1536 680 1574 701 ex
1600 666 1792 714 semetipsis

119 733 233 768 aliena
261 733 510 768 aestimantes?
541 731 647 766 Certe
675 730 769 765 haud
792 729 901 776 magis
924 729 1056 763 vitandi
1084 727 1330 775 aversandique
1357 734 1440 761 sunt
1468 727 1510 761 ob
1540 727 1793 774 irreligionem,

120 808 227 842 quam
248 796 291 829 ob
320 795 517 829 fatuitatem
537 792 852 840 stupiditatemque
878 790 1094 825 miserabiles
1118 798 1151 825 et
1174 789 1343 824 infelices.
1369 788 1466 823 Vana
1491 788 1575 822 haec
1600 802 1644 822 ne
1671 788 1794 823 Iudaei

123 855 266 903 quidem
293 864 354 891 aut
382 855 514 890 ethnici
541 853 625 896 ulli,
653 853 715 902 qui
742 852 873 901 alioqui
900 866 1037 900 semper
1069 850 1364 900 irreprehensibili
1398 858 1535 885 nostrae
1565 849 1644 883 fidei
1672 850 1796 896 obgan-

123 916 228 950 niunt
241 945 248 958 ‚
274 916 512 951 effutiverunt.

226 978 283 1022 34.
311 976 429 1024 Atque
453 976 578 1011 horum
603 975 836 1010 absurditates
860 975 1027 1010 hactenus
1052 983 1210 1009 narratae
1237 974 1280 1009 ita
1306 988 1339 1008 sc
1364 974 1504 1010 habent.
1532 972 1626 1008 Mihi
1647 987 1728 1007 vero
1754 973 1795 1007 ad

122 1037 279 1071 falsitatis
306 1037 553 1072 refutationem
577 1037 641 1071 alia
665 1051 804 1085 quoque
825 1036 878 1071 via
899 1036 1140 1071 incedendum
1165 1044 1236 1078 est,
1258 1044 1359 1083 atquc
1384 1050 1423 1069 ex
1450 1034 1598 1069 oraculis
1622 1033 1795 1082 Spiritus,

121 1098 248 1145 quibus
277 1098 476 1132 omnimode
505 1098 740 1133 obediendum
770 1106 840 1140 cst,
863 1097 949 1146 quid
970 1097 1059 1132 recti
1081 1096 1207 1145 quidve
1229 1096 1343 1130 vitiosi
1370 1096 1405 1130 in
1429 1096 1552 1130 horum
1577 1095 1794 1130 sermonibus

122 1158 185 1201 sit,
206 1158 473 1193 aestimandum.
494 1158 628 1205 Regula
651 1172 731 1205 ergo
754 1158 941 1206 apostolica
962 1158 1061 1193 nobis
1083 1157 1253 1205 praecipit
1273 1159 1308 1192 ᾗ;
1329 1164 1352 1178 “
1377 1172 1419 1191 ne
1443 1157 1539 1191 omni
1559 1156 1699 1204 spiritui
1723 1170 1795 1191 cre-

125 1247 148 1260 .,
178 1219 319 1261 damus,
339 1219 398 1253 sed
421 1220 624 1266 probemus,
645 1227 766 1253 utrum
788 1233 827 1253 ex
848 1218 927 1253 Deo
949 1219 1033 1255 sint:
1055 1218 1218 1267 quoniam
1241 1232 1337 1252 nunc
1360 1217 1462 1252 inulti
1483 1218 1794 1266 pseudomagistri,

126 1308 148 1321 ,.
176 1280 309 1327 inquit,
329 1279 545 1327 prodierunt.
568 1308 590 1322 „
608 1279 798 1315 Videamus
820 1280 954 1328 itaque,
975 1293 1018 1314 an
1041 1288 1074 1313 et
1097 1279 1163 1327 ipsi
1185 1279 1306 1327 spiritu
1329 1278 1397 1314 Dei
1419 1287 1585 1326 agantur,
1605 1288 1637 1313 et
1662 1280 1798 1313 confor-

123 1340 187 1374 mia
215 1341 365 1375 sentiant·
387 1355 427 1375 ac
451 1354 603 1375 consona
630 1340 684 1375 his
713 1341 773 1388 qui
794 1340 830 1374 in
853 1340 976 1388 spiritu
1000 1339 1070 1374 Dei
1097 1348 1177 1374 sunt
1205 1340 1334 1375 locuti:
1360 1353 1441 1374 nam
1463 1339 1491 1374 si
1519 1340 1578 1374 hos
1600 1339 1735 1374 diversa
1755 1340 1796 1374 ab

122 1400 190 1435 illis
211 1401 400 1436 sentientes
421 1401 740 1449 deprehendemus,
758 1401 978 1449 exploratum
994 1401 1094 1436 nobis
1112 1400 1179 1435 crit
1200 1401 1291 1448 ipsos
1309 1414 1381 1435 non
1400 1399 1469 1434 Dei
1486 1409 1598 1448 partes
1619 1400 1680 1434 sed
1703 1400 1799 1434 Anti-

125 1461 244 1495 christi
263 1462 398 1498 sectari.
421 1462 473 1496 Ac
492 1462 622 1509 primo,
640 1462 668 1496 si
685 1462 791 1504 libet,
810 1462 1014 1496 vetustiores
1033 1470 1143 1496 aetate
1163 1462 1199 1496 in
1220 1461 1377 1496 medium
1397 1461 1654 1509 producanturg
1673 1461 1798 1495 deinde

122 1521 182 1569 qui
207 1521 436 1568 dignitatibus
458 1536 519 1570 per
541 1522 724 1557 ecclesiam
752 1522 999 1564 eminuerunt,
1020 1522 1072 1556 his
1097 1522 1345 1569 adiungentur.
1376 1521 1446 1556 Sed
1474 1522 1610 1556 cunctis
1632 1530 1799 1570 praeeant

122 1581 179 1616 illa
201 1596 291 1630 quae
315 1582 557 1617 universaliter
578 1583 756 1630 proposita
777 1592 859 1617 sunt
882 1591 915 1617 et
938 1582 1109 1630 publicata
1131 1597 1148 1616 a
1172 1582 1305 1630 Spiritu
1326 1582 1478 1617 oracula.
1502 1581 1679 1628 Quoniam
1701 1581 1800 1616 Chri-

125 1643 169 1678 sti
191 1641 257 1677 Dei
278 1643 390 1677 nostri
412 1643 642 1677 inefficaciam
670 1643 981 1690 infirmitatemque
1003 1652 1190 1685 accusant,
1213 1644 1310 1689 quasi
1339 1643 1495 1677 homines
1524 1644 1566 1677 ab
1590 1644 1731 1678 ethnico
1753 1657 1801 1677 er-

125 1718 200 1738 rore
229 1703 376 1738 liberare
404 1717 475 1738 non
503 1703 670 1745 valuerit,
691 1717 848 1750 vanaque
871 1702 979 1737 fuerit
1002 1703 1119 1738 crucis
1144 1703 1255 1750 passio
1278 1712 1310 1737 et
1334 1704 1497 1737 universa
1526 1704 1568 1738 ab
1598 1718 1636 1738 eo
1664 1713 1800 1752 peracta

125 1764 375 1799 incarnationis
397 1764 504 1806 ratio,
523 1764 728 1812 futilemque
750 1763 934 1798 ostendere
956 1763 1110 1798 divinam
1131 1764 1426 1812 praedirationem
1447 1778 1594 1799 erroneo
1616 1778 1677 1799 suo
1701 1765 1802 1799 ratio-

125 1824 218 1859 cinio
244 1824 503 1871 imaginantur,
527 1833 559 1859 et
583 1824 849 1872 falsiloquorum
874 1824 1015 1859 titulum
1036 1824 1193 1859 veritatis
1218 1825 1452 1873 praeconibus
1476 1826 1730 1873 imposuerunt.

229 1885 286 1921 35.
315 1884 389 1931 Age
418 1885 538 1933 psallat
564 1885 685 1918 beatus
706 1884 818 1919 David
847 1884 1002 1919 divinam
1029 1885 1136 1932 lyram
1166 1885 1324 1932 pulsans,
1347 1899 1451 1933 quam
1477 1886 1629 1933 Spiritus
1657 1885 1698 1920 ad
1729 1886 1802 1920 liar-

125 1946 277 1980 moniam
300 1946 502 1993 composuit.
525 1951 548 1966 ⁴⁶
574 1944 666 1990 Quia
687 1944 786 1980 Deus
807 1959 954 1992 magnus
974 1945 1156 1988 dominus,
1181 1947 1336 1980 excelsus
1361 1955 1393 1980 et
1420 1946 1608 1989 terribilis,
1632 1961 1691 1981 rex
1712 1960 1801 1993 mag-

130 2035 151 2050 „
180 2020 246 2041 nus
268 2020 372 2053 super
393 2019 532 2040 onmem
561 2014 694 2040 terram.
723 2005 893 2053 Insuper:
917 2014 949 2040 et
970 2007 1124 2053 regnavit
1145 2005 1243 2040 Deus
1265 2021 1368 2054 super
1395 2015 1515 2053 gentes
1541 2007 1567 2041 *ἦ
1598 2006 1660 2049 Et,
1682 2015 1799 2041 vacate

130 2096 153 2111 „
181 2076 213 2102 et
235 2067 367 2109 videte,
386 2066 556 2115 quoniam
578 2080 641 2113 ego
662 2080 739 2101 suin
760 2065 875 2109 Deus,
896 2075 930 2101 et
951 2067 1122 2102 exaltabor
1143 2068 1178 2101 in
1200 2068 1384 2114 gentibus,
1406 2068 1581 2102 exaltabor
1604 2067 1639 2102 in
1664 2076 1754 2101 terra
1774 2069 1800 2103 *ἦ

130 2157 153 2171 „
182 2128 246 2170 Et,
268 2137 390 2162 notum
410 2127 496 2162 fecit
517 2126 691 2162 Dominus
713 2127 861 2162 salutare
891 2141 1016 2171 suum,
1038 2129 1074 2162 in
1106 2137 1296 2176 conspectu
1319 2128 1478 2163 omnium
1500 2129 1654 2175 gentium
1679 2129 1802 2163 revela-

131 2217 154 2232 „
182 2189 229 2223 vit
258 2188 426 2223 iustitiam
453 2202 557 2224 suam.
586 2188 651 2231 Et,
673 2188 837 2223 viderunt
859 2202 978 2224 omncs
1004 2190 1146 2224 termini
1175 2198 1286 2224 terrae
1315 2189 1464 2224 salutare
1490 2189 1560 2223 Dei
1587 2190 1700 2224 nostri
1726 2191 1752 2226 *ἦ
1778 2218 1800 2233 ‚,

129 2249 315 2295 Quomodo
339 2263 440 2296 ergo,
463 2258 497 2284 et
519 2250 764 2298 quandonam,
788 2257 821 2284 et
842 2250 971 2298 quibus
994 2250 1030 2284 in
1051 2251 1154 2284 rebus
1176 2249 1274 2284 Deus
1303 2264 1446 2296 magnus
1472 2264 1579 2298 super
1608 2250 1802 2284 universam

128 2319 256 2346 terram
282 2310 347 2352 sit,
371 2310 430 2359 qui
458 2310 664 2345 universalis
686 2310 784 2345 Deus
810 2312 1030 2358 agnoscitur,
1052 2320 1244 2360 notumque
1273 2312 1354 2346 fecit
1382 2312 1529 2346 salutare
1557 2325 1682 2354 suum,
1704 2320 1737 2346 et
1765 2312 1801 2345 in

129 2380 321 2419 conspectu
344 2371 504 2418 gentium
523 2371 686 2406 revelavit
707 2371 876 2406 iustitiam
897 2386 1015 2415 suam,
1038 2373 1119 2407 hinc
1140 2372 1333 2419 intelligere
1355 2372 1439 2407 licet
1458 2387 1537 2407 vere
1561 2373 1732 2415 cordatis,
1752 2387 1804 2407 re-

131 2440 290 2479 ctamque
315 2441 349 2466 et
371 2432 513 2466 minime
533 2432 712 2467 distortam
730 2432 771 2466 ad
790 2432 917 2467 tradita
934 2433 1104 2468 divinitus
1122 2433 1259 2468 oracula
1276 2442 1427 2468 mentem
1449 2433 1690 2480 dirigentibus,
1713 2434 1804 2468 Nam

129 2493 157 2526 si
179 2493 231 2527 uti
252 2491 353 2527 Deus
375 2493 516 2527 omnino
545 2492 748 2528 universalis
770 2502 803 2527 et
824 2502 958 2528 creator
985 2493 1215 2541 intelligitur,
1240 2495 1305 2528 iam
1332 2494 1490 2529 omnium
1514 2494 1712 2529 dominatur
1733 2509 1805 2529 rex-

130 2567 198 2600 que
221 2562 283 2588 est.
305 2553 378 2598 Qui
398 2553 595 2588 dominatur
617 2562 785 2601 potestate
807 2567 866 2588 sua
884 2554 1020 2589 saeculo
1039 2556 1065 2590 ²2².
1088 2554 1181 2600 Quia
1202 2555 1237 2589 in
1258 2568 1364 2590 manu
1383 2554 1456 2590 eius
1475 2564 1558 2590 sunt
1581 2570 1698 2590 omnes
1719 2556 1803 2590 fines

133 2621 242 2648 terrae
263 2615 288 2649 ²²³.
314 2613 359 2648 Et
380 2614 495 2648 omnia
515 2615 670 2649 serviunt
692 2614 724 2648 ei
744 2616 770 2650 *ἦ
801 2613 865 2649 Sin
886 2615 972 2649 haec
993 2616 1081 2650 forte
1104 2616 1271 2650 dicuntur
1292 2615 1335 2650 de
1357 2616 1519 2663 singulari
1540 2616 1654 2664 aliqua
1678 2625 1780 2663 gente
1794 2644 1801 2657 ,

133 2674 234 2721 eique
254 2675 476 2722 peculiariter
497 2675 653 2718 addicta,
675 2690 763 2724 quae
784 2675 898 2723 ipsum
917 2676 1032 2711 solum
1052 2690 1172 2711 verum
1193 2676 1311 2711 Deum
1333 2678 1505 2724 agnoscit,
1528 2678 1628 2726 eique
1650 2678 1712 2712 uni
1734 2677 1804 2711 cul-

135 2742 210 2768 tum
234 2734 389 2781 exhibet3
414 2735 527 2770 isthoc
549 2750 688 2784 quoque
709 2736 812 2770 modo
833 2734 933 2771 Deus
956 2736 1086 2771 dicitur
1106 2751 1163 2771 rex
1184 2737 1382 2785 aliquorum
1408 2747 1447 2772 ut
1468 2737 1565 2772 Deus
1580 2766 1587 2779 ,
1611 2746 1641 2771 ct
1664 2736 1803 2784 quidem

135 2794 184 2828 ita
203 2794 286 2829 olim
306 2809 324 2830 a
345 2797 422 2831 solis
443 2797 632 2832 Israhelitis
653 2797 928 2845 agnoscebatur,
950 2797 1004 2832 uti
1028 2798 1194 2846 scriptum
1215 2807 1264 2833 est
1283 2800 1319 2834 *1
1340 2806 1362 2820 ‘⁶
1387 2799 1526 2847 quando
1553 2798 1725 2832 dividebat
1746 2797 1804 2831 Al-

138 2882 162 2897 „
191 2854 342 2891 tissimus
370 2866 511 2904 gentes,
539 2858 678 2907 quando
706 2859 883 2907 separabat
910 2858 997 2894 filios
1025 2858 1162 2902 Adam,
1191 2859 1374 2896 constituit
1403 2860 1567 2894 terminos
1596 2857 1804 2905 populorum

1833 1169 1994 1190 ’10h.1v.i.

1836 2017 1846 2024 ·
1880 2021 1896 2035 e.
1914 2016 1988 2036 XLVI.
2004 2019 2023 2037 3.

1835 2043 1857 2063 et
1874 2046 1893 2062 s.

1836 2085 1847 2095 ⁸
1862 2084 2028 2105 P>.,x1⁴v.11.

1837 2199 1897 2246 ⁸¹1³&
1914 2200 1999 2221 mvn.
2016 2203 2035 2221 2.

1838 2232 1849 2246 e
1875 2231 1893 2246 .’,.

1838 2266 1876 2286 Cr.
1892 2273 1913 2291 μ
1930 2269 1961 2286 0¹9.

1838 2572 1848 2582 *
1864 2572 1898 2591 Ps.
1915 2571 1980 2592 va.
1996 2574 2014 2592 T.

1838 2627 1848 2635 ¹
1865 2625 1898 2644 l's.
1914 2625 1940 2645 X(
1955 2625 1990 2645 ΠΙ.
2004 2629 2024 2646 4.

1838 2654 1848 2661 ⁸
1869 2651 1902 2672 rs.
1920 2651 1994 2672 Lxxt.
2014 2655 2044 2673 11.

1839 2811 1921 2833 ’Dent
1930 2811 2046 2832 XXXll.ss.
