2203 3331
709 225 770 251 rao
795 226 922 251 saneris
948 223 1145 249 insomnes.
1698 211 1761 246 193

95 283 192 318 ditus
216 282 248 318 ei
270 279 490 318 contradicet
508 282 542 318 ³⁸:
564 287 587 302 “
612 281 676 317 erit
699 283 794 317 enim
813 281 987 316 Dominus
1008 293 1067 314 rex
1089 293 1192 327 super
1212 292 1352 315 omnem
1373 289 1507 316 terram.
1528 277 1596 314 Die
1618 276 1675 313 illa
1697 278 1762 312 erit

101 372 126 387 „
154 342 327 378 Dominus
348 355 459 385 unuS,
482 350 515 376 et
536 355 660 377 nomen
684 343 760 377 eius
782 355 914 384 unum,
936 340 1133 376 universam
1153 347 1279 374 terram
1302 340 1517 376 circumiens,
1543 368 1566 382 „
1588 338 1651 374 His
1671 338 1764 373 vide-

100 403 185 438 licet
211 403 358 451 aliisque
380 402 482 437 dictis
503 402 793 450 praesignificavit
812 402 912 436 nobis
934 402 972 435 in
994 400 1141 448 spiritu,
1164 412 1238 434 non
1264 414 1320 434 eos
1340 401 1451 435 solum
1479 401 1521 435 de
1550 400 1689 434 iudaico
1709 413 1766 447 po-

99 463 180 511 pulo
198 463 258 511 qui
279 462 513 510 evangelicam
535 463 733 498 doctrinam
750 462 986 503 admiserunt,
1007 460 1065 495 sed
1083 460 1186 495 etiam
1207 460 1430 495 ethnicorum
1451 474 1588 508 gregeS‚
1607 459 1666 508 qui
1684 460 1767 494 olim

100 536 324 558 communem
344 537 462 570 regem
481 537 519 558 ac
542 523 724 558 dominum
746 523 967 570 ignorabant,
988 521 1124 555 divinae
1145 521 1308 555 scientiae
1330 521 1466 555 radium
1489 529 1713 568 recepturos,
1735 528 1767 554 et

102 583 276 618 idolorum
305 597 460 618 errorem
480 584 688 619 abiecturos.
715 582 808 618 Nam
828 583 986 630 quisnam
1006 581 1102 615 locus
1125 580 1240 615 divina
1267 580 1371 627 gloria
1392 581 1622 623 destituetur,
1645 581 1673 615 si
1693 580 1769 628 qni-

98 644 184 678 dem
210 658 307 679 nunc
329 643 433 691 magis
461 657 566 691 quam
586 652 689 678 antea
709 657 786 677 vere
808 642 958 678 dicitur:
979 641 1075 690 pleni
1095 650 1179 676 sunt
1199 641 1285 675 caeli
1313 655 1350 675 ac
1381 649 1469 675 terra
1499 641 1605 688 gloria
1636 641 1706 675 eius
1726 640 1768 676 *P

102 704 195 739 Nam
220 705 251 739 si
274 703 355 752 quis
384 703 567 739 Graeciam
594 704 750 738 nominet
776 703 827 738 vel
854 703 1078 737 barbarorum
1108 711 1233 744 terras,
1255 709 1315 736 aut
1342 701 1463 743 Italos,
1486 709 1546 736 aut
1574 701 1768 736 Germanos

101 764 251 799 dicendo
272 773 455 807 excurrat,
476 764 529 798 vel
549 764 591 798 ad
616 763 751 805 Gallos,
773 772 832 798 aut
852 762 1057 805 Britannos,
1079 771 1138 797 aut
1160 761 1282 805 Libes,
1304 770 1362 796 aut
1383 761 1423 795 ad
1446 761 1700 809 Aegyptiorum
1722 775 1770 795 re·

101 825 241 872 gionem
262 824 443 867 deveniat,
463 833 522 859 aut
543 824 569 858 si
594 824 725 859 Arabes
745 833 780 859 et
801 823 923 859 Persas
946 824 1067 865 adeat,
1088 823 1140 857 vel
1160 821 1370 870 Aethiopes⁷
1393 821 1520 864 Indos,
1545 821 1693 870 Scythas
1707 851 1714 865 a
1736 830 1770 857 et

100 885 293 934 quamlibet
314 885 438 919 mundi
459 885 527 919 sive
551 893 751 920 terrestrem
771 885 839 919 sive
862 885 1071 919 maritimam
1092 883 1359 925 extremitatem,
1379 881 1511 917 Christi
1528 895 1655 917 nomen
1677 883 1771 930 hym-

103 946 158 980 nis
187 946 355 981 celebrari
383 954 485 993 atque
515 945 652 980 adorari
682 945 882 994 comperiet.
913 944 1072 980 Cunctos
1101 945 1195 979 enim
1221 944 1365 992 populos
1395 942 1610 990 evangelicae
1638 943 1771 991 praedi-

101 1006 249 1041 cationis
272 1019 396 1052 sagena
417 1006 528 1053 cepit:
549 1014 583 1040 ct
603 1005 816 1040 venerandae
838 1004 1025 1040 Trinitatis
1046 1005 1186 1046 notitia,
1207 1019 1288 1038 voce
1313 1004 1452 1038 illorum
1472 1003 1535 1051 qui
1556 1012 1675 1051 gentes
1697 1017 1772 1038 eru-

103 1067 292 1108 diverunt,
313 1080 375 1113 per
403 1066 608 1101 universum
635 1067 752 1100 orbem
780 1066 916 1101 dilatata
945 1065 1033 1111 suit;
1060 1074 1092 1100 et
1119 1066 1245 1113 ubique
1275 1065 1382 1100 unius
1408 1079 1448 1100 ac
1476 1064 1582 1100 solius
1609 1065 1682 1099 veri
1703 1063 1771 1099 Dei

101 1141 143 1163 ac
172 1127 305 1162 domini
335 1127 540 1162 universalis
567 1136 722 1162 versatur
745 1129 762 1148 ᾖ
787 1127 959 1174 cognitio:
982 1127 1159 1175 validaque
1183 1140 1266 1161 voce
1293 1140 1411 1161 omnes
1435 1126 1552 1174 populi
1578 1139 1659 1161 eum
1686 1125 1772 1174 psal-

104 1188 206 1223 mista
229 1187 400 1229 clamant,
422 1197 601 1236 postquam
622 1187 691 1222 Dei
713 1188 902 1236 potentiam
925 1196 958 1223 et
980 1187 1111 1236 ubique
1135 1187 1313 1235 providam
1334 1186 1613 1234 magnitudinem
1635 1186 1702 1221 fide
1724 1186 1773 1220 di-

104 1247 269 1282 dicerunt
294 1249 330 1284 *t
353 1255 374 1268 ²⁵
399 1248 426 1282 si
454 1248 642 1282 ascendero
670 1248 707 1282 in
730 1248 884 1290 caelum,
909 1257 945 1283 tu
974 1247 1046 1282 illic
1076 1261 1131 1293 {⁸53
1156 1255 1188 1281 et
1216 1247 1244 1281 si
1273 1247 1484 1282 descendero
1509 1247 1543 1280 in
1573 1247 1772 1289 infernum,

109 1337 132 1351 „
162 1308 252 1344 ades,
283 1307 322 1342 Si
350 1321 530 1356 sumpsero
552 1322 685 1356 pennas
708 1322 800 1343 meas
827 1307 1004 1350 diluculo,
1026 1316 1058 1342 et
1077 1308 1274 1342 habitavero
1299 1307 1334 1341 in
1362 1307 1522 1342 extremis
1550 1307 1672 1349 maris,
1692 1307 1774 1341 illuc

109 1397 132 1411 ‚,
161 1382 301 1417 quoque
323 1382 448 1404 manus
469 1377 527 1403 tua
547 1369 702 1403 deducet
722 1382 794 1411 me,
818 1377 852 1403 et
874 1368 1006 1403 tenebit
1027 1382 1080 1402 me
1103 1368 1243 1402 dextera
1264 1376 1333 1403 tua.
1356 1396 1379 1411 ,‚
1399 1367 1496 1413 Quid
1518 1367 1569 1402 his
1591 1368 1702 1402 verbis
1722 1381 1776 1402 ac-

107 1428 258 1463 curatius
282 1429 325 1462 sit
350 1437 452 1476 atque
479 1428 675 1463 evidentius
701 1429 743 1463 ob
767 1428 833 1463 Dei
858 1429 992 1464 cultum
1015 1428 1295 1464 insinuandum?

211 1489 268 1537 39.
295 1487 426 1523 Dicant
449 1502 528 1535 ergo
551 1489 652 1524 nobis
676 1489 848 1524 idolorum
871 1489 1042 1532 cultores,
1060 1489 1203 1524 ubinam
1224 1490 1310 1524 forte
1333 1489 1422 1532 sint,
1441 1498 1475 1524 et
1494 1489 1585 1537 apud
1605 1502 1776 1537 quosnam

106 1547 283 1583 idolorum
310 1550 391 1583 sana
419 1557 454 1583 et
482 1549 692 1585 simulacra?
716 1550 860 1584 ubinam
887 1549 1100 1584 initiationes
1128 1558 1160 1584 et
1187 1550 1367 1598 mysteria,
1390 1559 1423 1585 et
1449 1550 1501 1584 his
1530 1550 1710 1590 initiantes
1731 1559 1778 1585 at-

105 1622 172 1655 que
195 1608 350 1643 initiatis)
373 1609 518 1643 ubinam
539 1610 694 1656 ipsorum
722 1609 995 1657 hierophantae,
1017 1618 1052 1643 et
1075 1619 1317 1645 consecrantes
1344 1619 1407 1645 ant
1436 1610 1646 1653 consecrati,
1669 1624 1777 1645 sacer-

107 1669 204 1703 dotes
223 1669 351 1703 horum
371 1668 528 1711 rituum,
552 1678 585 1704 et
608 1670 820 1704 chameunae
842 1679 876 1705 et
897 1670 1124 1718 aniptopodes
1149 1671 1225 1718 (1)?
1249 1670 1404 1705 Ubinam
1427 1671 1652 1705 aedituorum
1677 1685 1778 1706 orna-

109 1737 168 1764 tus
191 1729 284 1764 circa
304 1729 431 1777 templa
452 1729 600 1764 deorum
621 1738 653 1764 et
674 1730 914 1765 decoramenti
934 1730 1090 1765 studium
1112 1732 1181 1778 (2),
1203 1740 1243 1765 ut
1262 1731 1352 1765 bene
1375 1731 1558 1766 mundatas
1578 1745 1652 1766 aras
1673 1741 1775 1780 atque

107 1789 253 1824 delubra
275 1790 490 1838 frequentius
511 1790 667 1825 incolant
688 1790 896 1825 daemonum
917 1790 1029 1838 globi,
1052 1791 1113 1839 qui
1140 1791 1324 1826 tenebrosa
1345 1791 1443 1839 adyta
1470 1792 1697 1827 obambulare
1727 1806 1778 1827 so-

109 1849 203 1892 lent,
228 1864 292 1884 ceu
321 1864 442 1898 reapse
473 1851 625 1885 tenebris
654 1851 774 1898 digni,
796 1865 836 1886 ac
864 1851 1034 1898 lucifugi,
1059 1861 1091 1886 et
1118 1860 1367 1886 nocturnarum
1395 1852 1608 1887 latebrarum
1635 1861 1778 1888 sectato-

109 1911 189 1946 res?
214 1910 371 1946 Ubinam
397 1911 536 1946 illorum
556 1924 636 1946 cuin
655 1911 772 1959 populi
798 1912 998 1960 frequentia
1026 1912 1103 1947 festi
1132 1912 1229 1955 dies,
1251 1921 1283 1947 et
1309 1914 1416 1947 boum
1444 1913 1694 1962 pecudumque
1718 1914 1779 1948 im-

111 1972 340 2008 molationes?
363 1973 649 2021 quandoquidem
670 1973 856 2008 daemones
878 1975 955 2008 suso
977 1974 1152 2020 sanguine
1174 1974 1327 2021 gaudent
1341 2003 1349 2016 ,
1372 1983 1404 2009 et
1427 1974 1582 2009 cruentis
1602 1974 1780 2010 delectan-

110 2039 170 2066 tur
191 2032 257 2067 aris
272 2061 280 2075 ‚
304 2042 338 2067 et
360 2033 453 2082 quod
476 2042 525 2068 est
549 2033 725 2069 infelicius
746 2048 937 2082 puerorum
958 2035 1180 2082 virorumque
1207 2035 1370 2070 caedibus
1394 2036 1455 2082 (3).
1483 2034 1640 2070 Ubinam
1664 2036 1778 2071 cultus

112 2093 153 2127 ab
182 2093 262 2140 ipsis
291 2093 446 2141 Iupiter,
469 2094 616 2129 deorum
642 2094 747 2129 veluti
777 2094 900 2129 consul
929 2103 962 2129 et
990 2108 1170 2142 supremus
1198 2095 1255 2129 ille
1285 2094 1486 2130 Stercutius
1514 2095 1600 2130 deus
1625 2097 1698 2144 (4),
1720 2097 1780 2144 qui

113 2161 291 2201 tamquam
319 2162 470 2189 stercore
500 2155 632 2190 oblitus
663 2155 877 2191 celebratur?
905 2155 983 2190 Nisi
1011 2156 1100 2190 sorte
1129 2155 1242 2190 adhuc
1264 2170 1281 2189 a
1304 2155 1494 2203 coprologis
1522 2156 1648 2191 nostris
1674 2157 1780 2192 hono-

113 2222 227 2256 ratur,
250 2214 353 2249 cuius
382 2215 537 2250 sabulosa
564 2224 596 2250 et
624 2215 841 2250 incredibilis
869 2215 998 2250 dicitur
1025 2216 1161 2262 genesis
1182 2229 1198 2250 a
1221 2216 1405 2258 modestis,
1426 2216 1624 2264 turpissima
1650 2230 1732 2252 vero
1761 2232 1779 2252 a

114 2273 226 2308 stultis
248 2274 406 2309 creditur
420 2303 428 2317 ‚
449 2284 598 2310 a-matre
620 2275 834 2318 occultatus,
857 2285 891 2311 et
919 2275 1101 2324 supposito
1121 2276 1196 2310 vice
1226 2276 1298 2310 eius
1320 2276 1431 2324 lapide
1453 2284 1625 2320 servatus,
1645 2277 1781 2312 daemo-

114 2334 252 2368 ni0rum
279 2335 455 2370 orchestra
482 2336 648 2384 sonisque
677 2336 864 2371 inconditis
887 2345 918 2371 et
941 2336 1138 2384 garrulitate
1163 2337 1380 2379 custoditus,
1403 2346 1443 2372 nt
1462 2337 1588 2372 lateret
1608 2338 1779 2386 parricida

196 2450 230 2478 {1}
250 2448 409 2475 Sacerdotes
430 2449 499 2476 lox-is
519 2449 661 2476 dodonaei.
683 2450 818 2477 Homerus
838 2451 865 2477 in
882 2450 996 2477 Achillis
1012 2450 1180 2478 invocatione
1200 2451 1277 2478 lliad.
1294 2451 1367 2479 xxi.
1384 2454 1443 2479 235.
1463 2468 1497 2472 —-
1517 2454 1562 2478 Eoi
1578 2454 1671 2479 mio-m*
1688 2454 1782 2488 §ri-04⁴*-

116 2503 155 2517 ται
176 2492 338 2522 ἀνιπτόποδες
359 2496 523 2527 χαμαιεῦναι.
544 2494 597 2520 I'bi
618 2493 716 2520 videsis
736 2494 834 2530 lleynii
855 2495 1052 2522 adnotationes.
1074 2496 1152 2521 Mitto
1171 2495 1309 2521 breuitatis
1328 2503 1407 2522 causa
1426 2496 1493 2523 alios
1512 2501 1643 2524 auctores.

194 2540 229 2569 (2)
249 2538 312 2564 Erat
333 2538 382 2564 hoc
402 2539 430 2564 in
450 2538 520 2564 fanis
539 2538 660 2565 osticium
681 2542 840 2570 καλλυντιῑν,
860 2540 938 2574 quasi
956 2541 1140 2572 atriensium,
1161 2547 1276 2574 quorum
1301 2548 1349 2566 nos
1369 2540 1493 2567 libellum
1517 2541 1667 2576 supplicem
1687 2551 1716 2569 ex
1737 2550 1781 2569 ae·

115 2582 239 2616 gyptiaca
258 2590 359 2617 papyro
378 2582 513 2609 edidimus
533 2583 560 2609 in
580 2586 638 2610 ΑΛ.
660 2584 738 2611 class.
760 2585 790 2610 T.
813 2585 856 2610 lv.
880 2593 904 2618 p.
926 2587 986 2610 445.

196 2629 230 2657 113)
249 2626 341 2653 Cicero
360 2626 392 2653 de
412 2635 468 2662 rep.
486 2628 534 2653 Ill.
552 2631 577 2654 9.
600 2628 698 2659 milti,
716 2631 745 2655 υἱ
768 2631 869 2661 Tauri,
887 2628 978 2661 Calli,
994 2631 1092 2659 Poeni,
1109 2629 1233 2655 homines
1254 2629 1401 2656 immolor-e
1416 2633 1442 2656 et
1456 2632 1536 2665 pium
1553 2633 1579 2656 et
1594 2631 1649 2657 (liis
1666 2632 1780 2656 immor-

118 2669 220 2695 lalibus
237 2673 429 2705 qratia-simum
451 2679 507 2698 esse
526 2672 677 2698 {lua-erunt.
699 2673 779 2699 Plura
801 2680 850 2699 nos
869 2673 905 2699 ibi
925 2673 1045 2707 exempla
1067 2674 1094 2699 in
1114 2672 1177 2699 adn.
1198 2672 1392 2707 congessimus.

198 2716 232 2744 (4)
251 2713 367 2749 Oblique
385 2716 588 2751 Copronymum
609 2715 670 2742 ferit
688 2716 856 2750 nicephorus
876 2716 1006 2743 vocabulo
1026 2716 1076 2743 hoe
1095 2720 1257 2753 καπρῡφορος-
1279 2718 1333 2744 Nos
1349 2718 1531 2750 Stel-eutium,
1548 2723 1595 2745 aut
1613 2718 1780 2749 Stercuhun,

119 2756 158 2782 vel
179 2757 358 2789 Sterculium,
378 2758 525 2785 dicendum
545 2758 732 2786 iudicavimus.
754 2761 902 2787 Saturnum
926 2761 1018 2787 Latini
1038 2761 1212 2796 intelligunt,
1233 2767 1260 2789 at
1279 2762 1448 2796 Nicepliorus
1468 2763 1526 2789 heic
1549 2764 1636 2788 lovem
1657 2761 1781 2792 denotat,

119 2799 196 2825 cuius
215 2807 256 2826 res
274 2805 363 2835 gestae
382 2803 500 2829 notiores
519 2807 584 2829 sunt
603 2803 675 2837 apud
696 2804 922 2839 mytliographos,
938 2813 1019 2839 quam
1035 2809 1066 2831 nt
1081 2805 1171 2840 aliqua
1191 2807 1362 2832 enarratione
1377 2811 1482 2839 egeant.
1505 2807 1590 2832 lmmo
1607 2806 1634 2831 S.
1652 2806 1784 2838 Augusti-

119 2851 170 2869 nus
189 2842 222 2869 de
236 2844 265 2870 C.
282 2845 314 2870 D.
332 2845 391 2870 VH.
410 2849 450 2872 13.
467 2847 534 2873 satis
553 2847 644 2873 innuit
663 2848 811 2874 Saturnum
831 2847 997 2883 quandoque
1015 2847 1132 2875 eundem
1152 2848 1234 2876 fuisse
1253 2854 1334 2884 atque
1353 2850 1452 2876 lovem.
1473 2849 1615 2882 Ceteroqui
1635 2856 1684 2874 nos
1703 2855 1736 2874 ne
1756 2848 1784 2875 in

118 2886 346 2921 subsequentibus
364 2888 474 2923 quidem
492 2889 607 2924 fabulis,
626 2895 719 2926 utpote
739 2892 803 2919 satis
822 2893 892 2919 notis
912 2892 984 2927 apud
1004 2900 1113 2927 graecos
1133 2892 1286 2928 latinosque
1306 2893 1412 2928 poetaS,
1434 2891 1644 2920 demorahimur.

1647 2947 1678 2970 25,

1798 293 1808 303 ⁹
1822 291 1888 312 Zach.
1905 292 1961 313 ΧΠ,
1978 295 1989 312 9

1804 646 1813 655 ⁸
1827 644 1899 664 Praei.
1913 644 1972 665 miss.
1984 650 2010 665 e(

1804 671 1831 691 ln.
1850 671 1885 691 xl.
1902 675 1920 691 2¹».

1806 1136 1815 1144 ‘
1833 1138 1867 1158 gr.
1884 1129 1987 1163 ἐμπολι-

1808 1176 1915 1192 τευεται.

1808 1253 1865 1299 ἑΡὶ.
1876 1253 2014 1273 (xxxviii.

1814 1803 1852 1826 Gr,
1868 1811 1889 1831 p.
1906 1809 1938 1825 35.
