2203 3331
730 186 793 209 rito
819 185 946 208 saxeus
974 185 1173 207 nmoixna‘s.
1728 176 1797 209 215

113 257 191 291 ,gem
213 241 446 291 appellemus,
464 238 657 289 Deumque
681 242 915 276 confiteamur
935 240 1033 275 illum
1053 239 1115 287 qui
1135 238 1204 273 Dei
1224 239 1440 276 adversarius
1462 251 1530 285 cst,
1550 243 1696 290 eiusque
1720 243 1799 277 abo-

112 303 286 340 minandis
314 302 521 350 animaeque
544 301 697 336 exitiosis
719 302 869 337 iussibus
893 302 1193 348 obtemperemus:
1220 309 1254 335 et
1275 315 1319 335 ne
1342 302 1414 350 ipse
1438 303 1528 337 solus
1551 304 1732 350 gehennae
1755 304 1798 339 sit

112 365 293 406 addictus,
315 363 374 398 sed
405 363 510 398 etiam
540 372 718 398 consortes
747 377 827 398 suos
856 363 893 397 in
922 370 1109 396 aeternum
1138 360 1257 407 ignem
1284 375 1405 396 secum
1428 364 1605 400 coniiciat.
1634 364 1674 398 ld
1704 365 1798 399 0111111

112 425 271 460 officium
299 424 342 458 ab
371 423 474 458 initio
502 423 571 458 suit
601 423 709 457 invidi
738 422 920 457 daemonis
949 430 982 456 et
1010 421 1192 468 flagitiosi,
1215 434 1340 469 nempe
1369 431 1405 456 ut
1435 438 1495 457 nos
1525 425 1651 471 paratis
1676 426 1796 471 generi

110 494 230 520 nostro
258 484 360 519 honis
390 498 473 519 cnm
499 484 606 519 livore
636 484 774 518 irruens
803 483 949 531 spoliet,
973 491 1005 517 et
1033 496 1114 516 suae
1143 481 1270 516 ruinae
1297 483 1410 516 socios
1439 484 1554 519 saciat.
1587 485 1739 520 lamvero
1770 485 1798 520 is

113 546 170 580 cui
197 545 331 580 subditi
359 545 467 593 erepti
496 553 603 587 sunt,
626 545 695 578 iam
722 544 920 591 principatu
949 542 1115 590 spoliatus
1144 551 1213 585 est,
1238 551 1270 576 et
1298 542 1469 589 dignitate
1490 545 1664 592 privatus,
1688 554 1796 594 atquc

111 608 257 642 omnino
280 615 448 656 potestate
472 606 640 641 seclusus.
668 604 818 640 Nudum
839 604 889 639 illi
913 612 1069 652 superest
1090 618 1239 649 nomen:
1262 604 1317 639 vel
1338 606 1403 638 hoc
1426 605 1559 652 ipsum,
1583 615 1621 641 111
1644 621 1704 653 par
1725 616 1796 649 cst,

110 683 254 717 prorsus
285 676 478 703 evanescet.
507 666 598 714 Ergo
627 667 733 701 huius
755 665 861 713 gloria
882 665 925 700 ad
947 665 1125 700 miseriam
1148 667 1166 685 ἐξ
1190 665 1520 714 deformitatemque
1551 667 1694 702 recidet.
1721 668 1796 703 [Thi
1832 681 1843 689 ‘

112 730 209 765 enim
231 744 301 764 non
326 738 378 764 est
399 728 583 771 subditus,
606 727 657 762 ibi
678 741 722 762 ne
744 740 859 774 regem
880 727 1025 775 quidem
1047 728 1233 761 consistere
1256 740 1398 761 necesse
1423 736 1484 762 est.
1516 726 1615 764 Cur?
1636 729 1719 776 quia
1741 730 1796 763 hic

109 791 237 839 quihus
264 791 415 838 imperet
441 803 512 824 non
541 788 697 823 habebit.
727 786 788 822 Sic
817 788 874 822 isti
904 787 1094 822 calamitosi
1122 788 1287 822 daemoni
1314 787 1450 833 largiter
1478 789 1652 830 faventes,
1674 798 1797 836 putant

111 852 274 887 adversus
299 850 432 886 Christi
453 863 605 896 regnum
627 849 763 883 fortiter
785 863 924 895 gerere,
946 857 1170 897 nostramque
1194 849 1297 883 fidem
1316 848 1461 883 viriliter
1483 862 1700 896 oppugnare.
1722 864 1798 884 nos-

110 927 178 960 que
206 927 224 947 a
253 911 380 946 divinis
410 910 584 958 depellere
614 909 845 957 dogmatibus.
873 909 1041 944 Attamen
1069 909 1239 944 divinitus
1262 909 1444 958 inspiratas
1471 909 1616 944 audiant
1637 924 1738 944 voces
1763 912 1797 946 *ἢ

110 981 133 995 “
164 974 293 1009 stultus
318 972 423 1008 stulta
446 972 637 1020 loquetur,
660 979 694 1006 et
718 985 779 1006 cor
805 971 880 1006 eius
903 985 990 1006 vana
1016 972 1196 1018 cogitabit.
1221 1000 1244 1015 „

216 1035 274 1071 5ο.
303 1033 402 1079 Quid
432 1042 551 1068 autem
574 1033 637 1067 hoc
660 1032 816 1067 insanius
836 1041 895 1067 aut
917 1033 1081 1068 stultius?
1103 1032 1202 1068 Vana
1230 1047 1308 1067 vere
1331 1033 1494 1067 adversus
1520 1033 1703 1068 Christum
1728 1048 1797 1069 me-

108 1095 208 1130 ditati
236 1103 343 1138 sunt,
367 1094 541 1142 stultaque
571 1094 727 1142 ipsorum
754 1093 900 1129 consilia
921 1095 1067 1129 suerunt
1096 1102 1129 1128 01
1159 1094 1412 1141 cogitationes,
1435 1094 1632 1142 mentisque
1663 1095 1795 1129 ratione

113 1157 266 1192 carentis
287 1165 321 1191 et
343 1155 513 1190 absurdae
541 1164 682 1203 partus,
703 1169 873 1203 veraeque
901 1155 1095 1193 fatuitatis.
1119 1155 1223 1189 immo
1245 1155 1373 1190 malitia
1396 1155 1565 1190 atheismo
1591 1170 1795 1204 summaque

110 1218 289 1266 impietate
318 1217 444 1252 maior:
468 1229 623 1264 quorum
650 1215 783 1251 nullam
803 1224 960 1264 partem,
982 1230 1026 1250 110
1050 1216 1087 1250 111
1110 1225 1264 1251 mentem
1285 1216 1429 1264 quidem
1457 1216 1615 1259 homini,
1638 1217 1793 1265 recipere

109 1277 214 1320 licet,
237 1278 282 1312 ita
309 1285 347 1311 ut
377 1276 576 1311 stultissime
604 1285 726 1324 putet,
750 1285 783 1310 et
811 1276 1056 1311 scelestissime
1086 1276 1300 1319 committat,
1323 1276 1365 1311 ad
1392 1285 1525 1311 tantam
1554 1277 1795 1312 infirmitatem

109 1346 143 1372 ct
170 1337 324 1372 dedecus
354 1350 561 1385 supremum
581 1336 652 1372 Dei
680 1337 902 1372 dominatum
931 1337 1138 1385 deprimere.
1168 1335 1247 1382 Qua
1272 1337 1417 1385 quidem
1437 1352 1474 1371 re
1497 1337 1583 1385 qnid
1611 1338 1795 1373 absurdius

111 1412 186 1433 esse
216 1406 329 1446 potest
356 1405 461 1446 atque
488 1397 748 1443 irreligiosius?
778 1396 851 1432 Sed
879 1412 966 1432 nova
994 1397 1187 1446 quaedam,
1216 1406 1254 1433 ut
1282 1397 1442 1441 videtur,
1472 1398 1634 1433 adversus
1668 1398 1796 1433 Christi

110 1473 263 1506 regnum
283 1459 324 1494 ab
344 1459 399 1493 his
420 1458 551 1506 iniquis
573 1459 689 1493 oritur
709 1459 898 1495 accusatio.
921 1459 1044 1505 Quum
1063 1459 1157 1494 enim
1176 1459 1211 1493 in
1233 1458 1414 1493 Christum
1435 1468 1613 1507 oporteret
1635 1459 1795 1494 celsiores

109 1534 267 1569 quosque
297 1532 484 1566 congerere
514 1520 683 1563 honores,
706 1520 742 1554 in
771 1529 963 1555 extremam
992 1520 1109 1569 potius
1134 1520 1364 1567 ignominiam
1391 1535 1429 1554 ac
1457 1520 1623 1555 vilitatem
1645 1520 1796 1555 cundem

110 1581 294 1616 detrahere
322 1595 395 1615 non
424 1581 664 1623 erubescunt,
685 1590 726 1615 ut
753 1581 784 1616 ei
811 1581 967 1616 detracta
996 1596 1083 1630 quae
1112 1580 1188 1616 Deo
1217 1581 1379 1628 congruit
1407 1581 1597 1628 dignitate,
1624 1582 1796 1616 minorem

109 1643 373 1683 demonstrent,
396 1642 594 1690 divinisque
616 1641 840 1690 qualitatibus
861 1642 1035 1690 spolient,
1058 1642 1323 1690 simplicemque
1345 1643 1526 1677 hominem
1550 1656 1731 1691 unumque
1753 1643 1795 1677 de

108 1704 213 1739 nobis
236 1717 310 1738 esse
333 1711 510 1745 statuant,
532 1711 636 1751 atque
665 1703 852 1738 universali
873 1717 964 1751 quae
989 1703 1055 1752 ipsi
1077 1703 1167 1738 inest
1188 1712 1359 1751 potestate
1383 1703 1568 1751 depellant.
1600 1703 1638 1738 In
1664 1713 1796 1739 tantam

108 1764 239 1799 scilicet
266 1763 524 1812 improbitatem
545 1772 651 1812 atque
672 1763 969 1810 irreligiositatem
991 1764 1137 1799 istorum
1158 1765 1318 1811 dogmata
1349 1773 1584 1799 consectanco
1609 1779 1715 1799 cursu
1739 1765 1796 1800 de-

111 1826 304 1860 venerunt!
335 1824 405 1859 Sed
426 1824 463 1858 111
486 1825 592 1858 rudes
614 1833 720 1872 atque
743 1824 861 1859 stolidi
882 1839 955 1860 non
981 1825 1197 1872 cogitarunt.
1221 1825 1397 1874 quomodo
1426 1826 1508 1860 haec
1537 1826 1594 1859 1110
1617 1826 1659 1860 511
1683 1840 1797 1873 passu-

107 1900 188 1927 1115,
211 1884 274 1934 qui
302 1886 430 1919 fortem
458 1885 630 1932 alligavit,
652 1885 800 1934 eiusque
822 1900 897 1920 vasa
919 1886 1089 1934 diripuit,
1111 1896 1214 1935 atque
1237 1901 1253 1921 a
1276 1888 1395 1921 surore
1419 1895 1538 1921 contra
1566 1901 1630 1922 nos
1661 1901 1796 1935 compe-

108 1946 209 1981 scuit.
240 1945 428 1991 Quomodo
457 1946 519 1994 qui
548 1946 761 1981 invisibilem
790 1947 979 1995 captivavit
1006 1955 1215 1995 tyrannum,
1239 1956 1271 1982 01
1301 1948 1558 1982 formidabilem
1586 1948 1710 1982 delevit
1740 1962 1799 1996 po-

111 2006 282 2049 tentiam,
304 2006 472 2055 spoliatus
501 2007 608 2042 suerit
635 2007 860 2056 vicissimque
890 2007 1073 2044 devictus?
1100 2008 1198 2043 Num
1226 2008 1402 2043 debilitate
1431 2023 1492 2043 sua
1515 2009 1547 2042 id
1573 2023 1713 2056 passus,
1735 2017 1793 2044 aut

109 2067 306 2116 adquisitae
334 2067 385 2102 rei
414 2067 648 2115 negligentia,
672 2077 704 2103 et
733 2068 880 2117 quidem
906 2077 985 2117 post
1010 2077 1057 2103 tot
1078 2069 1223 2104 sudores
1250 2078 1357 2117 atque
1383 2070 1583 2114 cruciatus?
1611 2069 1795 2106 Patietur.

108 2129 273 2176 inquam,
292 2128 434 2175 spoliari
456 2143 492 2163 se
515 2142 597 2163 011111
618 2130 774 2177 potentia
787 2158 794 2172 ,
811 2143 871 2164 sua
888 2144 1030 2178 quoque
1049 2144 1126 2177 erga
1145 2144 1208 2165 nos
1227 2141 1312 2165 'cura
1334 2144 1372 2165 ac
1395 2130 1636 2178 providentia?
1655 2130 1796 2165 Vanum

108 2190 226 2237 itaque
249 2190 316 2224 fuit
338 2190 415 2224 01115
438 2198 637 2233 certamen.
659 2192 789 2226 frustra
819 2201 941 2226 contra
969 2192 1206 2227 adversarium
1236 2207 1390 2241 pugnam
1413 2206 1510 2227 suam
1535 2193 1795 2228 consummavit.

110 2250 273 2284 Fortasse
296 2258 329 2284 et
350 2250 424 2284 aliis
453 2265 540 2299 opus
564 2252 593 2285 01
616 2252 682 2286 erit
704 2253 978 2295 certaminibus,
1001 2261 1034 2287 et
1056 2253 1239 2300 negotium
1269 2254 1299 2288 ei
1328 2254 1539 2295 facessetur,
1560 2267 1674 2301 neque
1696 2267 1712 2287 a
1736 2253 1797 2287 sol-

107 2310 358 2346 licitudinibus
381 2312 423 2345 ob
445 2312 585 2347 hostem
612 2327 717 2347 suum
743 2313 908 2359 cessabit3
935 2322 968 2348 et
990 2313 1033 2347 (le
1055 2313 1117 2348 alia
1141 2315 1302 2361 cogitabit
1326 2314 1510 2362 aliquando
1533 2314 1773 2349 incarnatione
1789 2343 1796 2353 ,

109 2380 144 2406 01
172 2385 315 2406 crucem
338 2372 440 2407 aliam
461 2387 499 2407 ac
521 2373 717 2421 passionem
741 2373 912 2421 excipiet3
937 2388 977 2409 ex
1000 2388 1068 2422 quo
1091 2375 1295 2421 continget,
1317 2384 1356 2409 ut
1379 2375 1431 2409 his
1452 2375 1635 2422 analogum
1655 2389 1796 2423 quoque

109 2431 246 2466 cultum
270 2432 312 2467 sit
335 2433 532 2468 habiturus.
560 2434 650 2468 “riam
673 2435 700 2469 si
721 2434 892 2469 destruxit
914 2434 1143 2469 idololatriam
1170 2436 1352 2477 Christus,
1376 2436 1482 2484 idque
1513 2436 1614 2470 nobis
1636 2436 1704 2470 fnit
1727 2435 1798 2469 ani-

109 2506 247 2528 marum
277 2494 524 2541 medicamen3
553 2504 670 2543 postca
698 2502 776 2531 vero
805 2496 890 2531 haec
918 2497 1021 2544 pestis
1049 2511 1171 2531 rursus
1201 2497 1359 2544 spiritum
1387 2497 1530 2545 sumpsit
1550 2526 1557 2540 ,
1585 2497 1650 2532 alia
1678 2497 1796 2531 denuo

107 2553 285 2589 medicina
315 2569 400 2603 opus
429 2556 515 2599 crit;
540 2557 575 2591 id
604 2557 696 2604 quod
726 2557 759 2591 in
792 2557 1028 2605 corporalibus
1055 2557 1188 2592 morbis
1217 2566 1436 2606 compertum
1465 2568 1535 2604 cst:
1562 2572 1642 2593 011111
1665 2559 1692 2592 si
1719 2558 1795 2605 quis

107 2614 269 2649 medicus
291 2625 512 2664 praesentem
536 2618 700 2652 morbum
723 2619 933 2664 aegrotantis
956 2633 1075 2653 sanare
1097 2618 1196 2661 velit,
1216 2627 1454 2654 consentanea
1474 2620 1592 2654 morbo
1611 2619 1794 2666 pharmaca

107 2675 291 2722 propinatg
319 2676 450 2712 deinde
480 2679 630 2721 accidit,
652 2687 691 2713 111
718 2679 812 2727 quod
842 2679 1034 2714 remedium
1062 2679 1267 2722 videbatur,
1292 2680 1480 2728 aliquando
1509 2693 1707 2728 perversum
1736 2680 1794 2713 siat

107 2743 210 2782 atque
232 2737 470 2781 mortiferum,
489 2739 571 2788 quia
593 2754 721 2788 nempe
743 2740 855 2774 nihilo
876 2741 1001 2775 melior
1024 2741 1130 2776 immo
1153 2741 1247 2789 peior
1267 2741 1311 2776 sit
1333 2742 1428 2788 aegri
1449 2751 1577 2786 status3
1599 2739 1794 2775 necessario

106 2795 225 2842 itaque
254 2798 427 2832 aestuabit
447 2800 608 2835 medicus
637 2809 670 2835 et
692 2801 773 2835 satis
794 2810 891 2848 aget,
912 2801 988 2836 aliis
1015 2801 1255 2837 molitionibus
1278 2802 1425 2838 studens
1449 2814 1660 2850 componere
1690 2800 1795 2834 medi-

108 2855 236 2893 cinam.
267 2858 368 2901 Quod
398 2859 426 2894 si
454 2874 500 2895 ne
529 2861 577 2896 ita
605 2862 749 2910 quidem
778 2876 883 2911 scopo
911 2863 1086 2912 potiatur,
1108 2863 1212 2899 addet
1240 2863 1327 2907 alia,
1348 2872 1453 2912 atque
1476 2863 1512 2898 in
1536 2861 1718 2897 infinitum
1743 2875 1800 2897 ex-

1859 685 1892 704 ;.'1·.
1914 687 2041 711 τειιχξῑν.

1833 924 1841 930 ‘¹
1858 922 1885 942 Is.
1902 922 1993 943 XXNH.
2010 927 2029 943 ui.

1832 1169 1870 1189 ΙᾸΓ,
1885 1176 1907 1195 Ι»,
1923 1172 1955 1189 Μ,
