2203 3331
430 195 468 225 ⁷10
978 206 1005 228 S.
1033 206 1205 229 Ntch'vnoxu
1234 206 1485 229 AN'rumnETmt's
1511 208 1535 230 1.

423 257 553 292 minem
575 258 768 306 perfectum
795 258 1074 303 manifestatum,
1095 270 1234 309 propter
1258 275 1355 296 suam
1382 275 1463 296 cum
1490 270 1601 296 matre
1630 265 1851 311 corporaliter
1872 275 1906 301 et
1928 281 2092 316 superna-

260 330 296 347 m.
314 334 334 352 μ
351 331 382 347 2⁴2.
423 317 580 352 turaliter
602 318 854 364 cognationem.
884 319 977 366 Quia
998 321 1113 369 itaque.
1141 322 1467 369 incircumscriptus
1491 330 1539 356 est
1559 322 1655 357 Deus
1677 333 1795 371 pater,
1821 326 1982 362 Christus
2004 343 2089 377 quo-

419 392 485 425 que
516 387 691 426 quatenus
719 378 814 414 Deus
845 389 895 415 est
922 390 1026 429 atque
1049 383 1096 416 illi
1119 383 1442 425 consubstantialis,
1463 383 1789 433 incircumscriptus
1813 387 1907 423 idem
1933 389 2088 424 adfirma-

420 450 485 476 tur.
515 441 586 476 Sed
615 442 695 490 quia
722 451 830 477 mater
858 453 910 479 est
937 444 1218 492 circumscripta,
1246 446 1348 480 homo
1378 446 1469 479 enim
1498 445 1553 480 illa
1581 454 1631 480 est
1657 447 1760 482 sicuti
1788 464 1871 496 110s3
1902 451 2084 487 Christum

418 515 557 548 quoque
578 511 753 549 quatenus
774 503 877 538 homo
900 513 950 539 est
972 513 1004 539 et
1028 505 1075 539 illi
1097 506 1334 540 connaturalis
1349 534 1356 548 ,
1379 506 1688 554 circumscriptum
1709 510 1966 546 confitebimur.
1994 511 2088 546 Nam

418 561 467 595 sic
490 561 676 610 duplicitas
701 571 900 598 naturarum
915 593 922 606 ,
945 578 1032 612 quae
1055 564 1091 598 in
1113 565 1218 599 unica
1248 566 1322 600 cius
1350 580 1494 614 persona
1518 575 1565 601 est
1580 595 1587 609 ,
1609 580 1688 601 vere
1719 578 1881 616 apparet3
1902 572 2086 606 sermonis-

395 664 397 666 *
418 635 486 669 quc
510 623 647 671 sequela
661 651 669 666 ‚
690 624 825 658 veritati
847 624 1054 667 adhaerens,
1076 626 1267 660 necessario
1291 635 1325 661 ct
1346 627 1420 661 sinc
1450 627 1652 675 exceptione
1676 628 1876 664 servabitur.
1899 637 1921 651 ‘⁶
1947 630 2084 666 Media-

191 697 198 705 ·
216 695 231 714 i⁴
253 694 303 714 rm..
319 695 345 715 u
362 699 380 714 τ».
420 710 444 724 „
472 691 524 717 tor
551 683 642 718 enim
671 682 738 719 Dei
759 693 791 718 et
812 685 994 719 hominum
1018 684 1179 720 Christus
1201 687 1313 721 sactus
1334 689 1352 708 *ἒ
1375 716 1397 729 „
1419 688 1682 736 procedensque
1703 688 1802 723 Deus
1824 703 1905 724 cum
1926 691 2082 726 humani-

419 742 497 778 tatis
521 743 784 792 adsumptione,
809 759 901 779 unus
922 759 960 779 ex
985 745 1119 780 duobus
1146 745 1413 785 dissidentibus.
1437 756 1475 783 ut
1505 749 1736 795 theologicum
1759 750 1999 797 magisterium
2025 752 2082 786 do-

417 812 489 846 cet,
511 804 697 853 aequaliter
718 805 859 853 parique
881 805 1011 839 honore
1033 806 1148 840 ambas
1172 820 1211 840 ex
1232 807 1361 854 quibus
1385 816 1515 842 constat
1538 817 1680 843 naturas
1701 824 1739 843 ac
1762 810 1986 858 proprietates
2006 825 2081 858 par-

416 864 555 912 ticipat:
578 874 611 899 et
631 866 674 899 ol)
699 865 981 899 communionem
1001 865 1271 914 relationemque
1293 881 1372 902 cum
1392 877 1560 916 utraque,
1582 883 1675 904 unus
1697 884 1736 904 ex
1759 870 1923 905 ambobus
1944 872 2056 906 sactus
2070 899 2078 914 ,

414 925 570 972 propriae
595 925 768 973 hypostasi
792 925 925 959 unitur.
949 924 1003 959 Ac
1028 934 1141 960 rectae
1167 926 1310 974 quidem
1336 928 1508 974 religionis
1533 929 1693 964 doctrina
1718 930 1764 964 ita
1789 944 1824 965 se
1848 931 1958 965 habet·

516 984 648 1019 Verum
675 985 846 1019 enimvero
873 985 901 1018 si
928 985 1007 1033 quis
1034 994 1167 1020 annuat
1199 986 1399 1030 Christum,
1426 988 1528 1023 etiam
1556 998 1726 1037 quaten'us
1753 991 1854 1025 homo
1882 999 1950 1033 est,
1972 991 2078 1026 incir-

415 1045 667 1091 cumscriptum
692 1058 783 1086 esse,
806 1044 834 1078 is
855 1058 873 1078 a
893 1045 1034 1092 physica
1055 1045 1154 1079 illum
1176 1059 1257 1080 cum
1277 1054 1382 1080 matre
1412 1048 1618 1094 cognatione
1647 1051 1836 1098 separabit,
1861 1051 2005 1085 cinnum
2033 1052 2078 1085 fa—

229 1116 235 1125 ‘
254 1114 377 1155 :=·.·n·n¹i1u
414 1105 481 1139 ciet
503 1119 543 1139 ex
563 1104 677 1139 diviua
704 1105 925 1153 humanaque
950 1113 1090 1147 natura,
1111 1105 1377 1140 indifferentem
1400 1106 1494 1142 dicet
1514 1109 1533 1129 ’ἃ
1552 1110 1780 1144 terminorum
1803 1110 1894 1145 inter
1915 1125 1950 1145 se
1973 1124 2078 1159 oppo—

233 1153 367 1176 ἰωγῇ-Μὴ
412 1165 597 1207 sitioncm,
618 1165 817 1213 nullamque
839 1157 933 1200 int'er
952 1165 1069 1200 Deum
1091 1174 1123 1201 et
1144 1166 1301 1201 homines
1323 1167 1587 1216 discrepantiam
1607 1179 1790 1216 agnoscet,
1812 1171 1872 1204 sed
1894 1171 1976 1205 hacc
1997 1184 2078 1205 eon·

410 1226 647 1261 substantialia
675 1240 747 1260 esse
776 1226 921 1262 docebit.
951 1226 1039 1272 Quis
1065 1235 1183 1261 autem
1210 1227 1313 1262 talem
1341 1235 1541 1276 tantamque
1564 1243 1672 1277 aequo
1694 1230 1810 1264 animo
1831 1229 2077 1277 blasphemiam

408 1287 523 1322 seret?
551 1286 699 1335 Insuper
725 1287 942 1335 quaerimus:
970 1287 998 1321 si
1026 1287 1122 1322 iuxta
1150 1287 1289 1323 illorum
1317 1289 1609 1336 propositionem,
1639 1299 1679 1325 ut
1705 1291 2005 1338 incircumscripta
2032 1291 2075 1326 sit

409 1346 554 1381 Domini
581 1362 657 1382 caro
671 1377 678 1390 ,
704 1362 807 1382 causa
830 1356 880 1382 est
900 1348 1113 1396 hypostatica
1135 1348 1218 1383 unio
1232 1377 1240 1391 ,
1261 1350 1438 1384 undenam
1462 1350 1528 1385 hoe
1549 1359 1580 1385 et
1601 1350 1774 1399 quomodo
1798 1351 1896 1385 nobis
1917 1351 1974 1385 fiet
1996 1364 2078 1386 con—

407 1408 596 1456 511101111111Ρ
626 1408 755 1444 Utrum
783 1409 876 1444 enim
890 1437 898 1452 ,
920 1409 1087 1458 quoniam
1108 1408 1260 1444 Verbum
1281 1411 1346 1445 sibi
1367 1419 1519 1446 nostram
1547 1412 1664 1447 induit
1694 1426 1853 1455 carnem,
1875 1421 1996 1447 utrum
2023 1413 2075 1447 in-

407 1482 510 1517 quam
529 1469 566 1503 in
588 1469 741 1516 Virginis
770 1470 1072 1518 incircumscripto
1094 1484 1235 1518 corpore
1261 1480 1414 1506 versatus
1428 1501 1435 1514 ,
1458 1472 1583 1520 prodiit
1607 1473 1708 1507 etiam
1727 1487 1767 1508 ex
1786 1473 1859 1521 ipsa
1879 1473 2072 1508 secundum

409 1543 544 1564 carnem
569 1530 892 1579 incircumscriptus
916 1530 1101 1566 Christus?
1127 1530 1186 1565 An
1208 1531 1455 1567 existimabunt
1474 1533 1540 1567 hoc
1561 1533 1702 1580 Virgini
1722 1547 1739 1567 a
1763 1533 1970 1568 sanctissimi
1994 1532 2073 1581 Spi-

406 1588 493 1623 ritus
515 1589 665 1625 adventu
688 1591 872 1634 donatum,
893 1591 1034 1639 eiusque
1058 1591 1231 1626 elementa
1252 1591 1300 1626 sic
1320 1600 1472 1635 mutata,
1491 1601 1530 1627 ut
1551 1607 1567 1627 a
1590 1593 1739 1628 naturali
1755 1593 1976 1640 humanaque
1995 1606 2073 1640 pro-

405 1650 547 1697 prietate
567 1651 730 1686 recedens
747 1681 755 1695 ,
778 1652 1010 1700 opportunius
1031 1661 1065 1687 et
1088 1651 1354 1688 convenientius
1375 1652 1683 1702 incircumscripto
1703 1654 1806 1689 modo
1827 1653 1998 1701 reciperet
2020 1653 2072 1687 in-

405 1710 715 1759 circumscriptum
736 1711 920 1748 Verbum?
944 1711 1009 1747 Vel
1030 1713 1144 1761 potius
1166 1721 1331 1748 manente
1353 1713 1388 1747 in
1410 1713 1482 1749 suis
1509 1713 1639 1748 finibus
1666 1722 1789 1748 natura
1809 1712 1985 1760 Virginis,
2006 1720 2070 1747 sta-

406 1771 467 1805 tim
492 1785 530 1806 ac
557 1773 705 1819 virginea
732 1773 864 1808 viscera
892 1772 1048 1814 Verbum
1075 1774 1208 1821 attigit,
1230 1774 1314 1809 illud
1343 1775 1447 1809 etiam
1473 1775 1568 1823 quod
1598 1774 1749 1823 suscepit
1780 1776 1925 1822 (nempe
1951 1774 2071 1808 huma-

404 1832 571 1881 nitatem)
601 1833 944 1882 incircumscriptum
969 1835 1093 1870 fecisse
1123 1835 1284 1881 credent3
1306 1835 1487 1882 geniturae
1515 1835 1714 1877 clementis,
1735 1834 1898 1881 virgineis
1924 1834 2068 1881 inquam

201 1908 251 1928 'ar
276 1901 309 1925 21':
330 1901 364 1926 ri.
402 1894 651 1940 sanguinibus,
673 1894 753 1929 ilico
781 1895 979 1943 praesentia
1006 1910 1045 1930 ac
1072 1896 1201 1931 virtute
1229 1895 1335 1930 Verbi
1361 1897 1397 1931 in
1425 1897 1443 1916 ξ*
1468 1895 1812 1942 incircumscriptum
1839 1893 2004 1928 mutatis?
2027 1906 2065 1927 ea

402 1953 567 1989 videlicet
593 1955 744 1997 ratione,
771 1970 839 2004 qua
868 1964 1047 2004 corruptae
1074 1956 1430 2005 Incorrupticolarum
1457 1956 1566 1991 menti
1593 1956 1730 1990 videtur
1755 1954 1929 1989 Dominus
1956 1954 2067 1987 incor—

402 2015 603 2061 ruptibilem
625 2030 761 2053 carnem
782 2017 965 2064 sumpsisse
989 2019 1051 2065 (1).
1073 2016 1162 2052 Nam
1182 2016 1223 2051 de
1245 2017 1548 2064 incircumscripto
1568 2016 1663 2065 paria
1683 2016 1878 2050 decernunt
1899 2014 2067 2061 Agrapto-

401 2074 540 2109 docetae
564 2076 868 2125 (indescriptionis
895 2085 1051 2112 auctores
1079 2077 1316 2127 phantastici.)
1349 2076 1422 2123 Qui
1450 2077 1544 2112 enim
1563 2077 1610 2112 sie
1636 2089 1691 2111 eos
1718 2075 1885 2124 appellet,
1906 2073 1993 2109 nillil
2021 2074 2066 2108 sa-

403 2135 470 2173 ciet
496 2136 758 2172 inconveniens.

504 2197 560 2233 26.
591 2197 630 2232 Si
659 2212 739 2245 ergo
767 2199 871 2246 priori
897 2200 1092 2234 sententiae
1122 2200 1347 2242 adhaereant,
1372 2200 1503 2235 nullam
1528 2213 1590 2234 nos
1621 2214 1661 2235 ex
1686 2198 1795 2234 Verbi
1822 2197 2061 2233 incarnatione

401 2255 585 2291 utilitatem
612 2259 837 2306 percepimus.
866 2259 947 2294 Non
975 2259 1067 2294 enim
1094 2269 1243 2295 nostram
1269 2261 1420 2308 suscepit
1448 2269 1630 2303 naturam,
1658 2267 1787 2295 mutata
1815 2259 1882 2293 iam
1908 2257 2060 2305 Virginis

402 2324 541 2359 natura,
562 2332 601 2352 ac
622 2319 819 2354 nullatenus
840 2320 1048 2355 naturaliter
1069 2321 1348 2356 communicante
1370 2321 1554 2356 nobiscum
1574 2320 1857 2368 circumscriptis,
1881 2319 1949 2354 Sed
1971 2333 2063 2367 prac-

402 2384 451 2409 ter
472 2376 703 2424 impietatem,
724 2380 936 2414 incredibilis
957 2394 1096 2428 quoque
1118 2381 1176 2416 hic
1198 2394 1307 2416 sermo
1333 2380 1408 2416 crit.
1435 2380 1527 2417 Nam
1550 2380 1722 2428 quomodo
1744 2380 1850 2428 possit
1874 2379 2063 2414 incircum-

400 2436 568 2484 scriptum
590 2439 626 2472 in
648 2439 951 2489 incircumscripto
979 2441 1134 2478 habitare
1164 2442 1374 2491 passibiliter
1401 2451 1431 2477 et
1453 2441 1701 2490 corporaliter?
1729 2441 1857 2489 Neque
1882 2439 1975 2475 enim
2003 2453 2062 2474 na-

402 2497 556 2535 turaliter
578 2512 702 2546 eorpus
725 2501 1066 2550 incircumscriptum
1090 2511 1159 2546 est,
1183 2512 1217 2538 et
1242 2503 1362 2538 sensui
1388 2502 1600 2551 impervium.
1629 2502 1779 2550 Insuper
1807 2500 1945 2549 eripiet,
1966 2499 2059 2548 quod

244 2572 362 2595 mass.
400 2566 452 2592 est
479 2558 637 2592 omnium
665 2560 965 2605 scelestissimum,
988 2563 1224 2598 sanctissimae
1245 2563 1382 2611 Virgini
1409 2572 1555 2611 partum.
1586 2562 1626 2597 Si
1648 2563 1740 2596 enim
1768 2561 1980 2609 impossihile
2009 2569 2061 2596 est

401 2632 523 2666 corpus
553 2633 623 2653 esse
651 2619 789 2667 aliquod
812 2621 1157 2672 incircumscriptum
1171 2652 1179 2666 ,
1201 2624 1365 2665 feminam
1386 2631 1485 2658 etiam
1505 2622 1846 2670 incircumscriptam
1867 2621 2062 2658 secuudum

400 2688 492 2713 certe
514 2679 699 2713 humanam
721 2689 882 2716 naturam
901 2696 1018 2729 parere
1033 2712 1041 2726 ,
1063 2683 1321 2732 impossibilius.
1350 2683 1430 2718 Non
1460 2683 1554 2718 enim
1578 2682 1665 2717 ultra
1692 2682 1765 2717 veri
1789 2682 1949 2729 rectique
1972 2682 2059 2716 fines

398 2738 581 2785 Virginem
612 2740 781 2773 honorare
811 2751 1082 2778 consentaneum
1102 2753 1173 2790 est3
1192 2744 1273 2793 quia
1293 2757 1364 2778 non
1386 2742 1504 2778 differt
1524 2757 1541 2777 a
1563 2742 1736 2777 dedecore
1758 2742 1831 2777 laus
1852 2742 2058 2776 exuberans.

478 2833 512 2861 (1)
532 2832 590 2857 Hae
608 2839 688 2866 super
708 2839 734 2857 re
753 2831 855 2858 utiliter
874 2832 997 2865 legentur
1016 2835 1103 2862 Severi
1123 2835 1277 2863 antiocheni
1297 2834 1424 2862 adversus
1445 2834 1578 2862 lulianum
1599 2833 1858 2860 halicarnassensem
1880 2837 2026 2860 tractatus,
2044 2840 2058 2859 a

397 2873 475 2900 nohis
495 2876 591 2909 partlm
612 2875 675 2903 editi
695 2876 722 2902 in
742 2875 886 2911 Spieilegio
906 2885 972 2904 rom
994 2879 1024 2904 T.
1046 2879 1081 2905 X.
