2203 3331
245 296 251 303 ·
268 294 304 313 Os.
322 293 336 314 t
355 295 383 313 10.

189 478 198 486 ⁸
215 477 229 497 Ι4
247 476 306 497 vett.
323 476 350 496 Η.
365 480 384 497 υ.

257 595 294 614 (ἐν,
311 600 332 620 p.
353 597 386 614 42.

199 837 205 845 ’
222 835 286 856 Rom.
302 834 340 856 lx.
354 837 389 856 23.

211 896 250 918 0».
267 896 293 917 Π.
308 899 340 918 23.
355 901 390 922 gr.

232 1446 241 1454 ‘
256 1445 293 1466 03.
310 1445 336 1467 Π.
353 1448 384 1467 [9.

180 2416 190 2427 ’
206 2415 233 2436 11.
246 2415 299 2436 Cor.
313 2414 351 2436 XI.
364 2417 385 2436 ξ’..

188 2477 196 2487 ⁸
213 2475 293 2502 ephes.
308 2476 336 2498 V.
351 2478 384 2497 25.

260 2597 298 2617 (ir.
313 2605 336 2626 p.
351 2603 385 2621 43.

423 155 487 189 185
1011 164 1039 187 S·
1065 165 1238 188 Ntcsst‘tiom
1264 165 1501 188 APOLOGETmL's

423 222 509 256 tium
539 218 725 266 capiamus.
753 224 775 239 ‘⁵
805 216 850 253 Ft
879 219 962 262 erit,
991 219 1130 268 inquit,
1159 220 1194 255 in
1223 219 1300 255 loco
1329 219 1388 254 ubi
1416 220 1553 255 dictum
1582 228 1630 255 est
1660 221 1728 264 eis,
1755 235 1812 257 vos
1839 236 1909 258 non
1942 223 2096 273 populus

424 310 446 324 „
474 294 571 315 meus
586 308 593 322 ‚
616 280 664 314 ibi
687 278 747 314 filii
770 278 838 313 Dei
865 279 934 314 vivi
962 281 1182 316 vocabuntur
1202 282 1228 315 ᾗ.
1255 308 1277 323 „
1301 278 1457 325 Quinam
1484 294 1563 315 vero
1584 281 1620 315 hi
1642 281 1731 325 sint,
1753 291 1785 317 ct
1812 283 1854 318 de
1883 284 2095 332 quibusnam

420 340 642 389 propheticus
671 340 772 375 nobis
794 353 907 375 sermo
935 341 1119 389 loquatur,
1141 341 1191 375 vir
1219 340 1280 388 qui
1307 341 1588 376 beatitudinibus
1609 341 1675 376 illis
1696 342 1825 390 dignus
1854 353 1904 379 est
1932 345 2094 388 habitus,

420 417 472 437 cm
494 416 606 437 omres
626 415 722 437 iti-:cxi
746 416 915 438 car-:nonum
935 417 1088 438 Timum:
1110 416 1274 445 1113111131,
1296 416 1411 437 PETRUS
1431 416 1518 437 finni
1541 417 1677 438 NOSTRAE
1699 418 1938 441 FUNDAMENTUM
1961 421 2000 441 ΕΤ
2022 422 2095 443 101,-

421 477 507 499 01111Μ
522 492 530 506 ,
553 462 694 498 docebit
714 463 836 498 dicens
856 464 891 500 ἓξ*ε
914 471 936 485 “
962 478 1019 499 vos
1041 472 1158 498 autem
1180 477 1290 509 genus
1312 463 1483 506 electum,
1505 464 1618 510 regale
1641 465 1894 508 sacerdotium,
1916 481 1999 514 gens
2021 482 2096 502 san-

424 551 446 565 „
477 532 550 565 cta,
572 523 719 570 populus
746 523 1007 572 acquisitionis:
1031 532 1070 558 ut
1090 524 1235 558 virtutes
1264 523 1482 558 annuntietis
1511 523 1606 566 eius,
1628 524 1689 571 qui
1713 524 1754 559 de
1779 526 1931 560 tenebris
1959 541 2016 561 vos
2043 541 2097 561 vo-

424 612 446 626 „
475 583 565 618 cavit
585 584 620 618 111
643 584 847 619 admirabile
879 585 996 619 lumcn
1027 598 1140 620 suum.
1167 584 1240 629 Qui
1269 583 1456 631 aliquando
1486 598 1557 618 non
1589 585 1761 633 populus,
1783 599 1881 620 nunc
1901 595 2018 622 autem
2041 602 2096 636 po-

425 673 447 687 „
475 644 579 692 pulus
607 644 698 690 Dei3
723 645 785 693 qui
813 659 884 680 non
915 644 1096 679 consecuti
1124 644 1418 687 misericordiam,
1444 658 1542 680 nunc
1569 653 1689 679 autem
1716 646 1989 681 inisericordiam
2016 661 2098 682 con-

425 734 447 749 „
475 706 596 741 secuti.
615 734 638 749 ,‚
660 705 823 740 Consona
845 706 894 740 his
913 705 1042 740 Paulus
1061 719 1221 753 quoque,
1241 705 1367 751 gratiae
1387 705 1546 740 ciusdem
1565 705 1762 754 gloriaeque
1785 707 1976 755 particeps,
1996 707 2097 742 Chri-

423 767 539 816 stique
561 767 811 815 mysteriorum
834 774 973 808 custos,
995 766 1176 813 loquatur:
1199 772 1222 786 “
1248 774 1287 800 ut
1307 766 1508 801 ostenderet
1529 766 1665 801 divitias
1687 767 1813 814 gloriae
1841 781 1923 803 suae
1953 769 1987 802 in
2012 769 2096 804 vasis

427 855 449 870 „
477 827 734 862 misericordiae
749 855 756 869 ,
778 840 866 874 quae
894 825 1108 874 praeparavit
1130 825 1165 859 in
1190 825 1331 872 gloriam
1352 839 1451 860 suam
1470 828 1496 861 *ἦ
1522 854 1544 869 „
1567 825 1664 872 Quos
1687 835 1719 861 et
1741 827 1871 862 vocavit
1891 842 1964 862 non
1985 828 2096 863 solum

426 902 467 923 ex
489 888 651 930 Iudaeis,
674 887 733 922 sed
755 887 860 921 etiam
882 900 922 921 ex
944 886 1115 933 gentibus.
1145 885 1249 920 Sicut
1271 886 1374 920 etiam
1396 886 1433 920 iu
1458 886 1549 921 Osca
1570 887 1655 921 dicit
1676 889 1711 923 *ἦ
1733 894 1756 908 “
1780 889 1908 923 vocabo
1934 903 2004 923 11011
2027 889 2098 937 ple-

428 977 452 993 „
481 950 559 985 bem
587 962 720 990 meam,
742 948 879 996 plebem
907 960 1039 993 meamg
1061 955 1094 981 et
1121 960 1193 981 non
1222 946 1406 989 dilectam,
1427 947 1600 984 dilectam.
1629 947 1675 983 Et
1700 949 1763 983 erit
1792 949 1825 983 111
1854 949 1931 984 1000
1959 951 2021 985 ubi
2047 950 2097 984 di-

430 1040 452 1054 „
483 1020 579 1046 ctum
604 1019 654 1045 est
681 1009 748 1045 eis:
773 1023 845 1043 non
869 1008 963 1056 plebs
988 1022 1061 1043 mea
1085 1022 1162 1050 vos,
1184 1008 1229 1042 ibi
1253 1008 1474 1043 vocabuntur
1498 1008 1561 1042 filii
1583 1007 1651 1043 Dei
1674 1010 1751 1045 vivi.
1780 1038 1801 1052 „

529 1063 588 1105 Sic
616 1070 730 1118 itaque
751 1069 817 1104 hoc
838 1069 1048 1117 sapientium
1069 1068 1191 1104 mundi
1213 1068 1455 1115 magistrorum
1475 1082 1535 1117 par
1555 1070 1827 1117 praeclarissime
1849 1072 1997 1106 censuit.
2023 1071 2097 1106 Iam

424 1146 504 1167 vero
526 1132 579 1166 his
600 1131 747 1165 invicem
775 1143 928 1165 consona
955 1130 1046 1165 circa
1067 1130 1287 1178 propheticas
1308 1129 1508 1165 locutiones
1530 1130 1732 1165 dicentibus
1746 1159 1754 1173 ,
1778 1146 1841 1166 ceu
1866 1146 1936 1167 uno
1960 1133 2095 1167 eodem·

423 1207 489 1241 que
511 1192 636 1240 spiritu
657 1191 841 1239 permotis,
858 1205 993 1239 nosque
1013 1205 1053 1225 ex
1072 1190 1212 1226 Iudaeis
1234 1190 1455 1239 ethnicisque
1472 1199 1608 1226 vocatos
1624 1191 1667 1226 ad
1686 1191 1795 1226 divini
1813 1192 1957 1227 luminis
1979 1193 2097 1240 cogni·

423 1254 573 1295 tionem,
595 1252 664 1287 Dei
687 1266 760 1287 esse
781 1252 951 1301 populum
973 1260 1185 1300 gentemque
1214 1252 1422 1287 testantibus
1440 1280 1447 1294 ,
1469 1260 1502 1287 et
1530 1252 1687 1287 inscitiae
1709 1253 1901 1301 veterisque
1929 1253 2020 1288 illius
2046 1254 2098 1288 in-

422 1313 599 1348 fidelitatis
629 1313 782 1348 tenebris
802 1312 987 1358 liberatos;
1010 1311 1171 1361 quisquis
1194 1312 1369 1347 contraria
1398 1312 1517 1347 dicere
1539 1327 1641 1347 ausus
1662 1313 1767 1348 fuerit
1781 1341 1789 1356 ,
1810 1327 1930 1349 nonne
1961 1323 2098 1349 contra-

422 1374 472 1410 rio
500 1374 621 1423 spiritu
650 1382 842 1409 commotus
870 1373 963 1422 loqui
991 1374 1230 1420 coarguetur?
1256 1372 1398 1408 Deinde
1427 1387 1550 1408 rursus
1579 1373 1672 1409 idem
1696 1374 1753 1409 1110
1774 1374 1853 1409 Deo
1881 1375 2026 1410 adssatus
2046 1376 2097 1409 vir

419 1436 513 1471 aliud
536 1436 572 1470 in
595 1434 733 1484 Spiritu
758 1434 940 1470 oraculum
963 1436 1114 1482 proferat
1138 1435 1174 1470 *z
1201 1442 1233 1468 et
1253 1435 1423 1482 sponsabo
1444 1443 1476 1470 te
1505 1435 1540 1469 in
1562 1435 1691 1470 iustitia
1714 1444 1747 1470 et
1768 1435 1803 1469 in
1827 1436 1958 1470 iudicio
1980 1450 2018 1470 30
2040 1449 2096 1470 ve-

420 1497 519 1532 ritate
542 1504 575 1531 et
596 1495 850 1538 misericordia,
875 1503 908 1530 ct
930 1495 1100 1543 sponsabo
1123 1503 1155 1530 te
1177 1495 1264 1529 mihi
1285 1495 1323 1529 in
1346 1495 1433 1537 fide,
1455 1503 1489 1530 et
1511 1494 1707 1530 Dominum
1730 1509 1924 1542 cognosces
1949 1524 1971 1538 „
1995 1495 2093 1541 Quid

419 1557 462 1592 ad
490 1558 574 1592 haec
601 1557 723 1592 dicent
750 1557 785 1590 hi
805 1585 812 1599 ,
841 1556 903 1604 qui
936 1556 1074 1590 divinae
1107 1555 1332 1590 adversantur
1363 1564 1395 1590 et
1423 1564 1623 1603 repugnant
1650 1555 1850 1591 voluntati?
1877 1555 1970 1591 Nam
2002 1556 2030 1590 si
2058 1564 2096 1590 ut

417 1626 537 1653 mente
566 1617 671 1652 crassi
700 1631 739 1652 30
760 1616 979 1658 materiales,
1002 1616 1207 1663 litteraeque
1236 1615 1459 1650 inhaerentes
1474 1643 1482 1658 ‚
1503 1615 1547 1650 de
1577 1615 1716 1650 iudaieo
1741 1616 1869 1664 populo
1891 1616 2095 1664 prophetata

417 1679 502 1713 haec
531 1677 748 1723 intelligant,
770 1684 936 1711 consueto
966 1676 1072 1711 etiam
1094 1690 1191 1711 nunc
1213 1675 1398 1710 mendacio
1425 1675 1625 1711 abutentur.
1653 1675 1715 1710 Est
1738 1676 1833 1711 enim
1852 1676 1919 1711 1100
1946 1675 2095 1711 incredi-

417 1739 506 1775 bile:
529 1751 611 1773 nam
639 1752 694 1772 res
721 1737 877 1772 iudaicae
901 1737 938 1771 in
962 1745 1145 1771 aeternum
1171 1750 1242 1771 non
1271 1744 1514 1784 perseverant,
1536 1750 1652 1784 neque
1680 1750 1789 1784 usque
1818 1737 1854 1771 in
1880 1737 2093 1772 hodiernum

418 1800 511 1835 diem
538 1800 690 1847 ipsorum
716 1798 856 1832 libertas
878 1798 946 1833 fuit
968 1797 1166 1832 incolumis.
1194 1796 1349 1832 Ubinam
1369 1796 1498 1844 quippe
1520 1796 1612 1843 regia
1632 1796 1785 1844 ipsorum
1805 1796 1904 1831 statio
1918 1825 1926 1839 ,
1949 1806 1981 1831 et
2010 1798 2094 1832 urbs

418 1859 632 1909 spectabilis,
651 1868 685 1894 et
703 1858 872 1907 templum
892 1858 1158 1905 famigeratum'?
1179 1856 1337 1892 Ubinam
1357 1856 1491 1900 cultus,
1513 1864 1545 1891 et
1564 1857 1691 1904 legales
1711 1857 1818 1899 ritus,
1839 1865 1872 1892 et
1892 1857 2023 1905 reliqua
2043 1872 2094 1892 re·

418 1922 556 1969 ligionis
577 1921 722 1969 pompa?
743 1934 787 1954 110
810 1920 879 1954 13111
899 1919 1034 1966 singula
1054 1931 1314 1966 persequamur.
1336 1916 1549 1952 Desiverunt
1569 1917 1685 1952 omnia
1703 1926 1735 1952 et
1755 1927 1983 1954 evanuerunt.
2006 1918 2088 1953 Non

418 1983 483 2018 fuit
504 1997 585 2030 ergo
607 1982 810 2030 desponsata
831 1979 907 2016 Deo
931 1980 966 2014 111
988 1988 1171 2015 aeternum
1193 1978 1408 2014 Iudaeorum
1430 1992 1599 2027 synagoga
1613 2007 1620 2021 ‚
1642 1993 1759 2027 neque
1785 1978 1866 2013 licet
1886 1979 2091 2027 prophetica

420 2044 514 2079 dicta
541 2044 623 2079 huic
651 2042 922 2078 accommodare.
950 2041 1154 2077 Necessario
1184 2040 1291 2088 igitur
1313 2040 1355 2075 de
1377 2054 1465 2075 novo
1490 2040 1619 2088 populo
1646 2040 1760 2088 deque
1784 2039 1913 2075 Christi
1944 2040 2090 2075 ecclesia

420 2105 502 2140 haec
532 2104 726 2151 intelligere
749 2112 781 2138 et
803 2103 975 2151 explicare
995 2102 1145 2150 probum
1171 2102 1452 2150 prudentemque
1472 2101 1572 2136 decet
1595 2100 1814 2146 auditoreln3
1838 2114 1924 2149 quae
1946 2101 2090 2148 quidem

424 2163 562 2200 Christo
590 2178 696 2213 proco
726 2164 882 2212 copulata
911 2171 981 2206 est,
1011 2171 1046 2198 et
1081 2163 1368 2198 contubernalem
1401 2170 1609 2210 perpetuum
1636 2162 1671 2195 111
1700 2161 1804 2196 corde
1833 2176 1895 2196 suo
1925 2174 2090 2209 sponsum

422 2225 543 2268 habet,
567 2234 598 2260 et
625 2225 783 2260 amatoris
805 2224 858 2260 sui
881 2224 1069 2259 dilectione
1100 2223 1358 2271 compungitur.
1387 2222 1443 2256 Ab
1470 2222 1577 2257 huius
1605 2235 1684 2269 ergo
1706 2236 1819 2257 amore
1842 2222 1874 2256 in
1900 2230 2089 2257 aeternum

421 2299 492 2320 non
515 2285 674 2328 recedet,
696 2300 812 2334 neque
841 2285 949 2320 alium
977 2284 1133 2334 quemvis
1160 2284 1362 2319 sectabitur.
1391 2283 1433 2318 In
1462 2283 1588 2331 quibus
1614 2296 1718 2317 verax
1744 2283 1844 2318 facile
1874 2282 2089 2330 comperient

420 2346 660 2394 propheticum
686 2346 889 2389 oraculum,
910 2354 948 2380 ut
976 2346 1067 2394 ipsae
1097 2359 1150 2379 res
1178 2344 1346 2387 clamant,
1370 2352 1403 2378 et
1432 2344 1529 2379 testis
1553 2351 1600 2379 est
1621 2343 1753 2379 Paulus
1782 2343 1936 2391 egregius
1958 2357 2090 2390 pronu-

420 2408 487 2442 bus
501 2435 509 2450 ,
531 2407 573 2441 ad
602 2406 871 2441 Corinthiorum
899 2406 1081 2442 ecclesiam
1102 2406 1148 2440 ita
1169 2405 1325 2439 scribens
1352 2406 1388 2441 ²¹³:
1410 2411 1432 2425 “
1456 2404 1628 2453 despondi
1655 2418 1711 2439 vos
1733 2404 1795 2439 uni
1817 2403 1890 2439 viro
1917 2401 2088 2449 virginem

477 2476 602 2503 castam
629 2467 785 2502 exhibere
810 2467 959 2502 Christo.
984 2495 1006 2509 „
1027 2466 1232 2514 Rursusque
1261 2465 1303 2501 ad
1325 2464 1491 2514 Ephesios
1512 2465 1668 2500 scribens
1694 2467 1730 2501 *ε
1751 2465 1802 2500 sic
1826 2462 1984 2499 Christus
2005 2463 2089 2497 dile-

474 2529 521 2564 xit
552 2527 751 2570 ecclesiam,
773 2536 805 2562 et
832 2542 866 2563 se
896 2528 1010 2576 ipsum
1037 2527 1182 2562 tradidit
1209 2541 1269 2576 pro
1292 2541 1351 2570 ea,
1375 2535 1415 2562 ut
1441 2527 1549 2575 ipsam
1576 2533 1735 2574 purgaret
1757 2525 1893 2559 lavacro
1916 2538 2025 2571 aquae
2047 2524 2084 2558 in

473 2589 595 2631 verbo,
618 2596 656 2623 ut
685 2587 863 2622 exhiberet
891 2588 1038 2623 candem
1064 2588 1131 2622 sibi
1159 2587 1341 2635 gloriosam
1369 2586 1572 2628 ecclesiam,
1597 2599 1668 2620 non
1697 2585 1884 2619 habentem
1911 2583 2087 2619 maculam

424 2497 447 2512 55

424 2558 446 2572 δ’

424 2618 447 2632 ,θ

424 2679 446 2694 „
475 2663 591 2699 neque
614 2662 735 2696 rugam
759 2662 872 2696 neque
900 2649 1029 2697 aliquid
1054 2648 1279 2691 huiusmodi,
1300 2648 1359 2684 sed
1385 2657 1423 2684 ut
1447 2648 1490 2682 sit
1515 2655 1637 2682 sancta
1663 2654 1694 2680 et
1719 2645 1951 2680 immaculata.
1977 2673 1999 2687 „

523 2710 618 2756 Quid
640 2709 742 2745 aitis?
762 2708 916 2744 Paulum
935 2709 1120 2756 abrogatis,
1142 2718 1173 2744 et
1193 2709 1424 2758 vaniloquum
1442 2707 1619 2756 appellatis
1641 2720 1721 2741 eum
1741 2707 1803 2754 qui
1828 2705 2007 2740 Christum
2028 2705 2084 2739 ha-

420 2773 498 2807 buit
518 2772 556 2806 in
578 2785 612 2805 se
634 2770 863 2819 loquentem?
885 2768 993 2804 Immo
1016 2770 1044 2805 is
1064 2770 1235 2804 verissime
1256 2770 1433 2818 loquitur,
1458 2776 1750 2815 conservatur-que
1779 2766 1912 2801 Christi
1939 2765 2086 2800 ecclesia

422 2833 516 2867 omni
544 2831 665 2867 idolica
694 2829 948 2866 abominatione
977 2843 1124 2876 carensg
1150 2844 1282 2878 vosque
1310 2830 1426 2878 potius
1454 2828 1655 2864 mentimini
1682 2827 1857 2862 mendacii
1885 2834 2055 2861 amatores
2073 2853 2082 2868 ‚
