2203 3331
668 215 831 240 anx'Ensrs
857 212 1099 237 CONSTANTth'M
1126 212 1269 234 COI‘RONY
1275 214 1296 234 M
1302 214 1318 234 t'
1324 214 1344 234 M
1351 228 1357 235 .
1808 201 1827 232 3
1833 200 1852 232 3

278 291 333 314 22.
360 275 591 323 Prosequitur
615 287 693 320 crgo
714 271 911 307 'Manionasz
944 274 990 312 ἅ
1023 265 1203 311 Quoniam
1224 275 1297 313 post
1320 268 1412 301 illam
1435 268 1601 302 unionem
1627 266 1773 300 indivisa
1803 275 1847 299 cst

180 347 228 387 (ἕ)
260 338 370 379 actio,
393 336 482 371 sicut
513 335 547 368 iu
575 333 733 380 dogmate
763 331 980 366 confitemur.
1008 326 1055 361 Et
1081 339 1290 373 quamquam
1319 326 1427 360 solius
1453 327 1566 361 carnis
1596 327 1777 373 imaginem
1806 327 1852 362 fa-

180 408 228 446 tj-j)
260 399 307 434 cit
333 396 505 445 (artifex)
522 423 529 437 ,
551 402 699 429 attamen
728 392 830 426 etiam
854 400 1037 437 personam
1064 386 1163 420 carni
1190 385 1366 432 propriam
1391 386 1457 421 dat.
1486 386 1614 434 Fitque
1636 387 1699 421 hoc
1724 386 1757 419 in
1781 395 1851 420 tota

181 466 228 505 σζ-’ὶ
258 457 440 493 divinitate
469 463 684 495 monstrum,
713 451 746 485 id
773 459 822 485 cst
850 458 917 483 tres
944 447 981 481 in
1010 446 1195 480 divinitate
1229 458 1418 493 personae,
1451 454 1483 479 ct
1509 460 1578 481 una
1607 446 1850 491 humanitatisg

180 526 227 566 (ἦ)
258 519 352 567 quod
374 518 531 566 profecto
552 525 751 564 perversum
773 519 822 545 cst
847 511 981 557 (1).0'—‚'>
1008 507 1079 542 Sus
1101 507 1216 555 deque
1240 506 1409 541 unionem
1433 506 1612 549 decantat,
1635 520 1739 555 quam
1762 507 1851 541 insc-

176 579 366 628 parabilem
385 577 443 613 hic
464 576 597 624 sapiens
625 573 732 614 dicit,
754 579 791 605 ut
815 583 876 617 per
902 568 994 602 illam
1020 567 1179 603 videatur
1207 566 1328 612 dogma
1350 578 1451 599 suum
1476 566 1634 600 roborare
1649 595 1656 608 ,
1679 575 1779 614 atque
1802 567 1848 601 ita

176 639 434 675 humanitatem
459 636 589 672 Christi
617 633 835 669 obumbrare.
864 629 1001 664 Idcirco
1026 628 1093 663 ait:
1119 627 1253 662 etiamsi
1275 625 1381 660 solius
1403 624 1517 659 carnis
1544 625 1726 671 imaginem
1755 627 1848 661 facit.

176 700 293 748 Atque
313 700 379 733 hoc
399 698 476 732 loeo
498 695 634 743 sapiens
656 692 741 727 illud
764 690 945 725 oraculum
967 687 1193 723 recitandum
1216 695 1265 721 est
1293 687 1327 721 δῖ;
1356 692 1378 706 “
1410 685 1575 732 sapientia
1598 699 1718 720 carens
1740 687 1849 721 incre-

180 789 203 803 „
232 761 394 808 patione,
418 765 527 801 erratg
550 764 584 790 et
606 752 775 801 sapientia
799 749 987 791 insensati,
1011 747 1264 796 inexplicabilia
1291 747 1404 783 verba,
1433 745 1498 788 Et,
1520 759 1578 780 vae
1604 745 1645 780 iis
1667 747 1728 793 qui
1756 748 1845 795 apud

180 850 203 864 „
233 835 268 856 se
291 822 379 868 ipsos
399 818 568 865 sapientes
591 823 691 856 sunt,
709 821 744 847 ct
764 812 895 847 iudicio
915 810 1058 859 proprio
1079 809 1287 857 prudentes!
1310 806 1403 853 Quia
1424 807 1589 841 infatuata
1610 815 1661 841 est
1682 807 1849 855 insipiens

179 910 202 924 „
230 882 382 928 ipsorum
408 877 542 918 anima,
568 884 601 909 et
627 881 804 908 excaecata
832 871 959 906 mentis
990 870 1131 905 consilia
1154 872 1181 904 *ἦ
1213 897 1235 912 „
1264 867 1427 915 Namque
1455 881 1473 901 a
1499 866 1644 902 veritate
1673 876 1849 902 rectorum

178 939 341 975 ecclesiae
361 937 562 983 dogmatum
589 934 745 981 denique
768 931 952 976 excidunt}
974 943 1085 977 neque
1107 929 1293 964 emicantes
1315 941 1355 962 cx
1382 941 1526 962 suarum
1554 927 1849 976 propositionibus

174 998 399 1035 absurditates
421 995 645 1044 praevident,
666 994 701 1028 in
722 993 823 1041 quale
844 991 1003 1026 videlicet
1024 1005 1079 1025 cos
1100 990 1299 1038 pertrahant
1321 988 1588 1036 praecipitium:
1608 989 1765 1036 nihilque
1788 989 1849 1036 ipsi

176 1060 279 1107 magis
301 1058 462 1100 student,
481 1070 587 1105 quam
608 1054 842 1102 ignorantiam
865 1052 1085 1097 condiscere3
1103 1060 1136 1086 et
1155 1050 1298 1099 quidem
1318 1064 1380 1084 suo
1404 1050 1558 1098 ipsorum
1578 1049 1762 1098 opprobrio
1785 1049 1851 1096 glo-

177 1121 335 1164 riantur3
363 1131 516 1167 quorum
544 1129 664 1151 revera
694 1115 798 1162 gloria
829 1122 879 1148 est
905 1114 940 1147 in
968 1111 1167 1147 eorumdem
1196 1110 1387 1158 ignominia
1415 1113 1440 1147 ἦ
1474 1110 1577 1159 Atqui
1605 1125 1665 1157 ego
1692 1110 1773 1144 huic
1803 1111 1850 1145 ita

173 1178 424 1221 contendenti,
446 1186 480 1213 et
500 1177 643 1212 cuilibet
664 1176 760 1223 paria
781 1174 916 1223 opinari
935 1173 1068 1208 volenti
1089 1172 1137 1207 sic
1159 1184 1363 1209 occurram:
1385 1181 1422 1207 tu
1445 1186 1544 1219 ergo,
1566 1171 1850 1219 quandoquidem

176 1241 261 1275 duas
288 1248 430 1274 naturas
452 1252 524 1272 esse
549 1237 692 1278 definis,
713 1245 825 1270 utram
852 1236 974 1269 harum
1005 1232 1181 1269 confiteris
1203 1233 1239 1266 in
1265 1231 1401 1268 Christi
1425 1234 1553 1275 forma,
1577 1241 1610 1267 et
1640 1233 1673 1266 in
1702 1246 1849 1280 persona

176 1313 265 1348 quae
289 1299 442 1334 cernitur
462 1307 565 1346 atque
585 1297 750 1346 apparet?
773 1296 811 1330 Si
833 1295 982 1330 divinam
1004 1294 1150 1336 dixeris,
1172 1303 1259 1329 tunc
1278 1294 1448 1329 visibilem
1469 1308 1543 1329 esse
1566 1294 1723 1328 adfirmas
1741 1292 1849 1327 Verbi

176 1360 305 1408 alioqui
327 1358 709 1406 incomprehensibilem
729 1365 831 1405 atque
852 1354 1062 1390 invisibilem
1082 1354 1268 1401 deitatein3
1290 1355 1382 1403 quod
1404 1355 1548 1403 perinde
1572 1363 1623 1389 est
1644 1368 1681 1388 ac
1703 1353 1729 1387 si
1752 1354 1846 1388 dicas

179 1419 486 1467 circumscriptam.
515 1418 676 1466 Namque
705 1430 807 1452 omne
836 1416 930 1465 quod
958 1416 1137 1459 cernitur,
1159 1416 1466 1463 circumscriptum
1493 1423 1544 1449 est
1572 1429 1612 1449 ac
1640 1414 1846 1456 definitum,

176 1480 257 1528 quia
284 1479 445 1514 videlicet
473 1479 535 1513 sub
563 1490 682 1512 sensus
710 1477 820 1512 cadit:
845 1475 1007 1524 quodque
1037 1476 1232 1511 adtribuere
1260 1476 1353 1510 carni
1380 1475 1544 1517 noluisti,
1569 1475 1604 1509 id
1632 1475 1667 1508 in
1696 1474 1849 1509 divinam

176 1549 337 1574 naturam
357 1539 505 1587 proiicis.
527 1538 651 1586 Neque
670 1551 749 1571 sane
769 1536 894 1571 vitabis
914 1536 1179 1584 blasphemiam,
1198 1550 1313 1584 neque
1334 1535 1377 1569 de
1395 1535 1542 1570 crimine
1559 1534 1751 1569 dementiae
1769 1549 1848 1569 reus

176 1613 248 1634 non
277 1600 364 1644 eris;
388 1599 468 1646 quia
496 1606 576 1646 post
596 1598 659 1632 hoc
683 1596 852 1631 eximium
880 1597 1037 1631 studium
1060 1606 1182 1639 tuum,
1206 1596 1291 1631 dum
1318 1595 1452 1630 visibile
1477 1609 1548 1629 esse
1570 1594 1761 1637 invisibile,
1786 1595 1848 1629 cir-

179 1659 434 1706 cumscriptum
457 1672 529 1692 esse
552 1657 903 1705 incircumscriptum
921 1657 1156 1692 demonstrare
1175 1657 1245 1699 vis,
1267 1656 1518 1702 cogitationum
1539 1663 1679 1690 tuarum
1697 1655 1846 1689 vanitate

177 1720 362 1767 deceptus,
380 1719 416 1753 in
438 1720 648 1754 contrarium
670 1732 809 1754 sensum
831 1719 931 1753 verba
954 1727 1011 1753 tua
1033 1718 1240 1754 convertisti.
1262 1716 1353 1752 Nam
1376 1717 1469 1765 quod
1492 1725 1542 1752 est
1563 1716 1749 1759 invisibile,
1769 1730 1848 1751 con-

180 1788 229 1814 tra
257 1780 293 1814 fit
323 1779 472 1824 visibile3
499 1788 533 1813 et
562 1779 922 1826 incircuinscriPtum,
947 1787 978 1813 te
1007 1779 1145 1813 dicente
1174 1778 1213 1812 fit
1241 1777 1556 1824 circumscriptum.

277 1839 324 1874 At
352 1840 381 1874 si
407 1840 495 1874 forte
522 1839 636 1874 dicere
666 1839 700 1873 id
728 1853 797 1873 non
826 1839 950 1874 audeas
968 1867 975 1881 ,
1004 1840 1191 1873 humanam
1217 1838 1459 1873 tantummodo
1488 1838 1656 1872 visibilem
1688 1845 1847 1872 naturam

181 1900 320 1935 Christo
347 1900 533 1936 adtribues.
560 1899 679 1947 Atque
701 1908 739 1934 ut
761 1900 906 1934 similem
927 1899 1076 1934 orationi
1099 1908 1177 1933 tuae
1201 1898 1516 1934 contradictionem
1536 1898 1721 1940 faciamus,
1744 1898 1847 1946 hypo-

176 1961 290 1995 stasim
314 1969 353 1995 tu
378 1960 545 2003 divisisti,
569 1960 830 2008 simplicemque
859 1960 1036 1995 hominem
1065 1959 1244 1995 Christum
1274 1973 1346 1994 esse
1373 1959 1549 2002 definisti,
1572 1959 1745 2006 magisque
1773 1973 1848 2006 per-

176 2021 295 2068 spicue
324 2029 426 2069 atque
455 2020 630 2055 evidenter
655 2021 921 2068 quaternitatem
948 2021 1105 2055 effecisti.
1134 2020 1314 2068 Propriam
1342 2021 1437 2055 enim
1466 2033 1648 2068 personam
1673 2020 1767 2054 carni
1791 2020 1847 2054 ad-

175 2081 346 2122 tribuisti,
367 2080 524 2128 nihilque
552 2081 645 2116 aliud
673 2094 778 2128 quam
805 2090 997 2116 creaturam
1020 2080 1200 2115 Christum
1228 2080 1361 2122 fecisti,
1384 2081 1431 2114 ita
1454 2089 1492 2114 ut
1514 2080 1624 2114 deitas
1652 2080 1689 2118 in
1714 2094 1754 2114 eo
1776 2094 1846 2114 non

178 2141 242 2183 sit,
268 2141 529 2189 perfectiusque
558 2149 591 2175 et
618 2141 752 2176 firmius
781 2141 1106 2189 circumscripsisfig
1131 2141 1235 2189 idque
1264 2155 1363 2189 prave
1391 2140 1579 2175 admodum
1608 2148 1641 2174 ct
1668 2140 1845 2175 fallaciter.

179 2202 310 2248 Captus
336 2201 451 2248 itaque
475 2215 510 2235 es
531 2202 674 2236 tuismet
700 2201 888 2249 implicitus
915 2202 1079 2236 artificiis.
1107 2201 1197 2236 Nam
1218 2215 1285 2249 quo
1309 2209 1407 2248 pacto
1435 2201 1602 2248 deinceps
1626 2200 1845 2235 nestorianae

175 2262 328 2295 insaniae
351 2261 596 2309 divisionisque
617 2262 864 2296 absurditatem
883 2262 1031 2297 vitabis?
1052 2262 1233 2296 manifeste
1256 2262 1350 2296 enim
1371 2261 1408 2295 in
1430 2262 1519 2296 hanc
1541 2261 1707 2296 incidisti.
1730 2259 1847 2309 Siqui-

174 2322 256 2355 dem
276 2321 460 2375 Nestorius
481 2322 570 2356 hanc
592 2323 634 2356 ob
656 2336 792 2357 causam
812 2323 1063 2370 hypostaticam
1086 2323 1257 2357 unionem
1278 2322 1439 2357 confiteri
1459 2322 1496 2356 in
1521 2321 1661 2357 Christo
1687 2330 1844 2360 recusat,

174 2381 233 2415 sed
255 2381 490 2416 benivolentia
517 2382 632 2429 potius
655 2390 687 2416 et
709 2382 872 2417 relatione
894 2383 986 2417 hanc
1008 2382 1137 2417 confici
1158 2382 1317 2424 blaterat,
1341 2396 1407 2417 ceu
1430 2382 1458 2416 si
1479 2381 1594 2416 divina
1620 2390 1746 2416 natura
1772 2395 1844 2416 non

172 2441 335 2476 admittat
354 2441 455 2476 aliam
475 2442 616 2477 unionis
637 2456 839 2490 personam,
858 2451 1000 2491 propter
1016 2442 1427 2489 incircumscriptionem.
1448 2440 1528 2487 Quo
1547 2442 1604 2485 fit,
1623 2451 1662 2476 ut
1683 2456 1748 2477 nec
1771 2456 1845 2490 pro-

171 2502 244 2550 prie
272 2501 448 2549 deiparam
471 2510 623 2536 sanctam
643 2502 827 2550 Virginem
856 2502 917 2537 sed
944 2503 1195 2551 hominiparam
1218 2502 1371 2537 extitisse
1400 2502 1548 2536 futiliter
1574 2502 1674 2537 dicat.
1702 2501 1841 2536 Deinde

175 2562 309 2597 Christi
335 2562 516 2597 miraculis
543 2563 647 2597 simul
669 2572 704 2598 et
725 2563 939 2598 cruciatibus
969 2564 1030 2598 tibi
1057 2563 1221 2605 obiectis,
1243 2563 1326 2611 quid
1354 2563 1428 2598 ais?
1457 2562 1635 2608 Quoniam
1654 2563 1842 2597 incircum-

172 2623 341 2671 scriptum
368 2632 419 2658 est
444 2622 628 2667 Verbum,
656 2624 851 2672 pariterque
886 2624 1229 2672 incircumscriptam
1263 2637 1401 2659 carnem
1428 2624 1500 2667 ais,
1528 2625 1666 2672 utrique
1700 2623 1840 2658 omnino

172 2684 271 2719 ambo
293 2683 472 2719 adtribues
486 2713 493 2727 ,
516 2685 685 2720 miracula
706 2694 810 2734 atque
832 2686 1028 2728 cruciatus,
1050 2684 1167 2720 Verbo
1190 2685 1313 2733 utique
1336 2693 1370 2719 et
1393 2685 1510 2731 carni3
1535 2699 1608 2720 non
1630 2692 1745 2719 autem
1773 2682 1841 2715 sin-

173 2744 316 2790 gillatim
337 2759 375 2780 ac
396 2746 646 2793 particulatim,
668 2747 749 2794 quia
770 2760 843 2781 non
865 2746 1039 2781 alternant
1059 2746 1301 2794 proprietatem
1323 2745 1479 2781 Verbum
1500 2755 1534 2782 et
1554 2759 1652 2787 car0,
1673 2742 1763 2791 quod
1785 2741 1840 2776 ad-

250 2883 284 2911 (13
304 2881 401 2907 Recole
421 2881 525 2908 dictum
545 2890 559 2908 a
579 2883 698 2909 Macario
718 2891 743 2917 pr
765 2885 807 2910 26.
829 2891 856 2909 n.
881 2886 902 2908 1*

1886 704 2004 724 '1’r·»x.x.
2018 708 2038 724 Π
2055 710 2080 728 ω’

1889 881 1897 888 “
1911 878 2044 899 t·'ccti.)t?x1.
2060 882 2080 897 τι

1886 905 1922 926 (m.
1941 912 1962 932 J).
1980 911 2011 924 :vm

1887 1129 1893 1134 ¹
1910 1124 1989 1150 Philip.
2004 1126 2040 1146 111.
2061 1128 2089 1146 111.
