2203 3331
219 334 257 351 hri
272 339 295 357 11-
312 335 343 351 (ιί.

138 390 243 435 ἱὶίαῐῐᾶι,
264 391 294 410 XX
306 391 341 411 lll.

147 424 165 436 υ.

383 193 427 227 76
937 204 965 228 S.
992 204 1164 229 Ntcssrnom
1191 207 1445 230 ANTmRuETtCUS
1471 206 1508 230 11.

384 272 570 306 sacrasque
594 256 731 292 illorum
754 257 1022 295 intercessiones
1046 262 1280 308 exposcimus,
1303 262 1385 310 quia
1413 276 1538 309 nempe
1568 261 1696 296 seimus
1725 271 1757 297 ct
1782 262 1957 299 credimus
1987 266 2036 313 (ι)
2054 293 2064 308 ,

383 318 598 353 laudationes
620 326 773 361 nostras,
797 328 831 354 et
853 321 1040 367 gratiarum
1061 323 1237 363 actiones,
1262 330 1292 355 et
1318 336 1438 370 preces
1453 351 1460 363 ,
1484 336 1524 357 ac
1547 322 1821 370 supplicationes
1844 325 1885 358 ab
1908 325 1958 359 his
1980 325 2061 360 Deo

382 379 519 424 offerri3
543 378 570 412 si
600 387 699 424 certe¹
723 393 844 414 verum
873 389 943 423 est,
965 382 1057 429 quod
1085 383 1121 416 in
1153 382 1336 429 evangeliis
1364 397 1381 417 a
1412 382 1597 418 Servatore
1622 392 1742 418 nostro
1771 384 1908 420 dictum
1933 386 1997 420 fuit
2024 388 2061 423 *z

381 447 403 460 ‘·
427 439 507 488 quia
529 439 641 486 angeli
666 454 788 475 corum
810 441 843 475 in
868 442 968 477 caelis
991 456 1124 491 semper
1144 443 1262 477 vident
1284 443 1405 478 facicm
1431 444 1536 491 patris
1566 444 1633 478 mei
1660 444 1723 492 qui
1752 444 1787 479 in
1817 446 1919 480 caelis
1949 454 2009 481 est.
2034 474 2057 488 ‚,

381 498 478 545 Quid
501 514 616 535 revera
643 500 735 535 aliud
767 511 887 537 curant
910 512 969 538 aut
992 503 1146 546 faciunt,
1168 504 1236 538 nisi
1260 518 1376 552 preces
1400 513 1535 539 nostras
1558 504 1599 539 ad
1622 518 1723 539 aures
1745 504 1887 540 Domini
1914 507 2058 541 sabaoth

380 561 567 604 deferunt,
590 561 758 610 nobisque
786 576 824 597 ac
854 564 958 598 rebus
980 564 1111 598 nostris
1132 565 1320 613 propitium
1350 565 1560 607 conciliant,
1585 573 1617 599 ct
1644 579 1709 613 pro
1734 565 1843 601 salute
1868 576 1984 602 nostra
2008 568 2058 602 in-

382 621 591 658 tercedunt?
618 621 707 657 Hcic
729 623 843 671 itaque
867 623 908 658 (le
930 625 996 659 lioe
1017 634 1220 671 argumento
1249 625 1359 660 oratio
1381 627 1489 661 finem
1515 626 1660 668 habeat,
1684 634 1718 660 et
1742 627 1951 673 irreligiosae
1973 628 2057 663 stul-

378 682 472 716 titiae
500 682 666 718 delirium
688 683 753 718 iam
775 684 962 719 omittatur.
992 684 1049 719 Ob
1072 686 1232 733 superius
1253 695 1372 721 autem
1392 687 1559 734 promissa
1574 715 1581 729 ,
1604 695 1745 735 propter
1765 687 1935 722 vocabula
1958 688 2057 723 indc-

378 742 501 791 scripti
522 751 554 777 et
576 743 874 792 incircumscripti
893 746 962 791 (2),
980 758 1132 793 quorum
1153 745 1390 781 differentiam
1411 761 1450 781 cx
1468 748 1621 783 ruditate
1645 756 1677 782 et
1698 747 1833 782 inscitia
1851 747 2056 782 Mamonam

382 803 541 850 ignorare
570 812 721 846 constat,
751 805 841 839 sieut
868 805 971 839 ctiam
1001 806 1077 840 eius
1104 805 1254 841 adseclas
1283 815 1315 841 et
1344 809 1472 842 erroris
1500 808 1712 857 discipulOS,
1743 808 1863 856 impios
1890 808 2056 844 videlicet

379 864 485 899 liuius
513 865 632 899 aetatis
654 873 686 899 ct
708 865 843 911 ignaros
865 865 1106 911 dogmatistas,
1128 866 1199 901 huc
1222 867 1367 914 inquam
1389 882 1586 903 sermonem
1616 877 1885 911 convertamus,
1908 877 1947 904 ut
1968 869 2057 917 ipso·

377 937 453 958 rum
480 937 588 970 nugas
615 924 857 972 dispiciamus:
884 925 966 973 quia
994 926 1083 961 sicut
1110 934 1315 961 naturarum
1344 941 1383 962 ac
1410 929 1667 977 proprietatum
1697 929 1931 964 differentiam
1960 930 2056 975 igno-

376 993 474 1027 rant,
496 999 612 1033 neque
642 986 733 1019 inter
752 993 910 1020 sanctum
932 994 967 1020 et
988 985 1160 1033 pollutum
1180 986 1399 1034 distinguere
1419 988 1453 1022 hi
1477 988 1576 1023 stulti
1596 989 1736 1034 valent3
1760 990 1807 1024 ita
1828 1003 1946 1037 neque
1968 989 2056 1037 quid

377 1044 419 1078 sit
445 1045 577 1092 pictura
607 1053 640 1080 et
669 1045 974 1093 circumscriptio,
996 1060 1111 1095 neque
1139 1047 1223 1095 quid
1251 1047 1385 1095 pictum
1407 1057 1442 1083 et
1469 1049 1777 1097 circumscriptum
1806 1050 1944 1091 sciunt,
1965 1063 2055 1097 quae

376 1105 471 1139 valde
500 1105 651 1140 invicem
673 1105 860 1149 disserunt,
882 1106 1014 1141 nullam
1042 1106 1079 1141 in
1106 1106 1159 1142 his
1183 1121 1299 1155 neque
1322 1116 1554 1155 agnoscentes
1573 1123 1689 1157 neque
1713 1110 1978 1157 interponentes
2005 1109 2055 1144 di-

375 1165 593 1200 scretionem.
622 1164 786 1211 Quorum
807 1166 976 1202 stultitiae
1001 1180 1188 1216 parumper
1216 1168 1439 1215 indulgentes
1461 1168 1498 1203 in
1528 1169 1689 1218 superius
1714 1169 1838 1214 dictis,
1859 1184 1906 1204 ne
1934 1171 2055 1205 oratio-

374 1226 427 1260 nis
448 1240 569 1261 cursus
593 1227 883 1275 abrumperetur,
906 1241 968 1263 nos
989 1243 1131 1277 quoque
1152 1229 1206 1263 his
1225 1229 1404 1265 vocabulis
1425 1239 1530 1279 prout
1550 1244 1605 1266 res
1626 1231 1762 1265 ferebat
1787 1231 1886 1265 abusi
1910 1244 2054 1276 sumus3

374 1286 500 1321 alicubi
528 1287 663 1335 proprie
691 1287 874 1336 loquentes
903 1297 938 1324 et
965 1289 1166 1324 secundum
1192 1289 1421 1338 principalem
1448 1290 1610 1326 vocabuli
1639 1290 1897 1337 significatum3
1925 1290 2054 1326 alicubi

373 1359 453 1380 vcro
475 1346 751 1382 indifferentiam
772 1349 957 1397 quamdam
978 1349 1015 1384 in
1037 1350 1187 1385 dicendo
1209 1351 1439 1388 servavimus:
1458 1351 1678 1399 promisimus
1700 1359 1816 1386 tamen
1836 1352 1910 1386 fore
1931 1359 1972 1385 ut
1995 1351 2055 1386 ho*

374 1420 452 1442 rum
472 1408 720 1443 vocabulorum
748 1409 969 1445 enucleatam
995 1410 1176 1446 notionem
1204 1411 1538 1461 distinctionemque
1567 1412 1831 1455 exhiberemus,
1855 1420 1890 1446 et
1916 1411 1952 1445 in
1982 1424 2053 1459 qno

374 1470 524 1505 invicem
550 1469 735 1513 differant,
760 1479 799 1505 ut
827 1470 1020 1506 evidentior
1047 1471 1188 1508 illorum
1217 1472 1457 1520 interpretatio
1486 1486 1678 1522 sensusque
1707 1472 1837 1519 ignaris
1864 1473 1985 1518 fieret3
2010 1471 2054 1506 si-

372 1530 515 1579 mulque
537 1530 686 1566 ridicula
707 1540 741 1566 et
761 1531 931 1567 stultitiae
953 1532 1055 1580 plena
1075 1533 1202 1568 horum
1224 1533 1331 1568 oratio
1351 1533 1666 1568 demonstraretur.
1688 1532 1878 1581 Propterea
1898 1531 2054 1567 breviter

372 1605 469 1626 nunc
495 1591 538 1627 de
563 1591 614 1626 his
639 1592 804 1627 disserere
829 1593 1077 1640 tempestivum
1103 1593 1342 1629 iudicavimus.

480 1665 533 1687 12.
557 1651 646 1698 Quis
668 1653 762 1688 enim
783 1654 855 1701 (3),
873 1653 933 1702 qui
954 1654 1217 1703 aliquantulum
1236 1654 1381 1690 rationis
1402 1655 1448 1690 sit
1469 1655 1640 1703 particeps
1653 1683 1661 1697 ,
1679 1668 1751 1689 non
1771 1654 1940 1700 intelligat
1956 1652 2050 1688 aliud

369 1727 443 1748 esse
470 1714 661 1762 picturam,
685 1715 780 1750 aliud
811 1715 1201 1764 circumscriptionem?
1228 1715 1371 1750 Pictura
1401 1716 1518 1759 enim,
1548 1724 1589 1751 ut
1617 1730 1635 1751 a
1664 1715 1937 1764 simplicioribus
1965 1714 2054 1749 inci-

369 1774 527 1823 piamus,
549 1775 734 1823 dupliciter
761 1774 916 1822 dicitur3
936 1776 1040 1811 altera
1069 1776 1162 1811 enim
1190 1776 1452 1812 characteribus
1476 1777 1603 1812 horum
1629 1776 1887 1811 elementorum
1907 1775 1995 1810 serie
2018 1784 2053 1809 et

369 1834 491 1869 ordine
519 1835 669 1882 signata,
693 1845 727 1870 et
747 1836 938 1884 syllabatim
965 1836 1161 1884 procedens
1175 1865 1183 1879 ,
1205 1850 1223 1871 a
1244 1836 1474 1884 scriptoribus
1497 1837 1734 1885 expromitur3
1759 1836 1865 1871 altera
1887 1849 1968 1870 vcro
1989 1848 2053 1882 per

367 1895 615 1931 similitudines
638 1896 680 1932 ad
703 1896 933 1932 imitationem
956 1897 1160 1945 exemplaris
1181 1897 1354 1932 formatur
1373 1911 1414 1932 ac
1435 1899 1627 1944 figuratur,
1648 1905 1688 1932 ut
1710 1897 1747 1931 in
1769 1911 1808 1931 ea
1829 1897 1967 1944 pictura
1988 1896 2049 1938 fit,

366 1970 454 2004 quae
477 1971 576 1991 nunc
597 1957 634 1992 in
657 1958 860 2006 quaestione
882 1957 993 2005 posita
1017 1966 1076 1993 est.
1098 1957 1217 2006 Atque
1237 1958 1293 1993 illa
1312 1958 1456 2006 quidem
1474 1972 1537 2006 per
1555 1972 1677 2001 voces,
1695 1971 1783 2006 quae
1801 1957 2050 2006 proferuntur,

366 2018 528 2064 patefacit
549 2032 587 2052 ea
607 2032 696 2066 quae
720 2032 897 2054 sermones
922 2019 1076 2053 contexti
1098 2018 1292 2055 nunciant:
1316 2019 1400 2054 haec
1420 2033 1501 2054 vero
1523 2032 1752 2067 personarum
1779 2017 1843 2052 sibi
1871 2017 1912 2051 ad
1938 2029 2052 2051 exem·

366 2077 440 2124 plar
466 2078 719 2127 propositarum
744 2078 976 2114 imitationem
996 2093 1057 2127 per
1078 2088 1378 2128 repraesentantes
1400 2079 1533 2115 colores
1556 2079 1707 2115 exhibet.
1738 2078 1932 2126 Ceteroqui
1954 2077 2049 2112 haud

367 2151 453 2186 opus
481 2147 531 2174 est
557 2154 655 2175 nunc
685 2140 905 2175 considerare
926 2168 934 2183 ,
963 2154 1008 2174 an
1036 2139 1225 2188 aliquando
1252 2140 1362 2187 imago
1391 2139 1621 2189 quarumdam
1650 2140 1842 2174 formarum
1872 2146 1904 2173 et
1930 2151 2050 2173 rerum

368 2197 496 2249 ἔμφασιν
515 2200 656 2236 adserat.
677 2201 835 2237 Pictores
853 2209 971 2236 autem
991 2202 1152 2250 utrique,
1170 2201 1231 2250 qui
1250 2202 1337 2236 llaec
1358 2202 1513 2245 faciunt,
1530 2201 1789 2237 consuetudine
1810 2201 1862 2235 sie
1880 2200 2049 2249 loquendi

366 2269 534 2295 vocantur
558 2263 606 2309 (4)
623 2289 631 2304 ,
654 2262 714 2311 qui
741 2262 874 2297 scilicet
894 2276 1091 2297 sermonem
1119 2262 1306 2306 describit,
1330 2271 1366 2298 et
1393 2263 1454 2311 qui
1478 2263 1662 2298 scientiam
1683 2261 1855 2310 pingendi
1878 2275 2050 2296 consecu-

444 2393 480 2423 (ι)
500 2391 692 2420 Animadverte
711 2393 810 2425 domna
830 2394 997 2422 catholicum
1017 2394 1051 2421 de
1071 2394 1240 2422 invocatione
1261 2398 1288 2422 et
1308 2395 1503 2422 communione
1521 2398 1695 2425 sauctorum;
1711 2397 1806 2421 eontra
1821 2392 1883 2420 illos
1899 2392 2050 2419 haereticos

363 2436 409 2470 qui
429 2436 497 2462 nihil
518 2436 674 2463 huiusmodi
695 2438 803 2466 credere
822 2439 928 2466 volunt.

444 2482 479 2511 (2)
500 2481 557 2506 Hoc
576 2480 636 2507 loco
655 2481 738 2508 codex
754 2482 790 2513 (f.
806 2486 868 2509 219.
883 2488 926 2515 a.)
946 2486 991 2510 ται]
1004 2486 1121 2519 yeme-06
1136 2485 1178 2510 καί
1195 2485 1400 2519 ἀπεριγράπτους
1416 2484 1543 2518 superius
1557 2487 1648 2510 autem
1665 2481 1781 2509 antirrli.
1798 2482 1818 2508 l.
1834 2485 1858 2507 7.
1875 2481 1911 2512 (s.
1929 2484 1987 2507 152.
2001 2480 2048 2511 b.)

363 2527 393 2550 τῦ
407 2526 525 2559 οἱγροέπτῳ
541 2528 583 2552 καὶ
600 2526 783 2562 άπεριγςάπτῳ.
804 2531 934 2556 Attamen
954 2529 1013 2556 heic
1032 2529 1207 2563 Nicepliorus
1226 2529 1260 2556 ad
1280 2529 1359 2556 illuni
1380 2529 1497 2564 priorem
1519 2529 1609 2555 locum
1629 2530 1770 2562 provocat,
1791 2533 1845 2560 quo
1865 2525 1895 2552 fit
1915 2529 1946 2552 ut
1965 2525 2046 2552 lectio

361 2572 490 2605 γραπτός,
510 2569 550 2596 rel
569 2571 715 2605 ἅγραπτος,
735 2571 830 2598 eadem
850 2580 908 2599 esse
928 2572 1026 2600 debeat
1044 2573 1203 2608 utrubique.
1225 2573 1335 2605 Eligant
1353 2581 1418 2608 ergo
1437 2573 1578 2608 philologi.

443 2618 478 2646 (3)
497 2615 641 2650 Sequentia
666 2615 721 2642 duo
745 2617 863 2651 capitula
885 2620 926 2643 12.
947 2622 975 2644 et
993 2618 1093 2652 partim
1115 2621 1156 2644 13.
1177 2618 1310 2653 excerpsit
1333 2618 1400 2644 olim
1424 2625 1487 2644 euin
1511 2617 1603 2651 aliqua
1623 2615 1751 2642 varietate
1769 2622 1800 2641 ex
1820 2621 1871 2640 ms.
1891 2612 2045 2648 Nieeplioro

362 2660 528 2692 Turrianus,
544 2664 689 2694 extantque
711 2661 793 2687 latine
813 2660 885 2695 apud
905 2662 1047 2689 canisium
1066 2661 1109 2689 ed.
1126 2666 1154 2689 et
1172 2667 1238 2689 tom.
1256 2663 1303 2689 cit.
1319 2670 1346 2698 p.
1366 2666 1408 2689 16.
1424 2666 1451 2688 et
1468 2665 1508 2688 17.
1529 2660 1708 2695 Ceteroquin,
1723 2663 1755 2686 ut
1769 2667 1799 2686 ex
1818 2657 2046 2693 praecedentibus

362 2711 524 2738 cognoscere
548 2712 603 2731 non
628 2704 711 2731 semel
736 2704 829 2736 licuit,
850 2713 892 2731 res
916 2714 1038 2739 perversa
1064 2707 1092 2733 iu
1117 2706 1160 2733 liis
1179 2706 1308 2734 Turriani
1333 2705 1481 2741 excerptis,
1501 2705 1566 2732 dum
1587 2712 1601 2731 a
1621 2703 1729 2731 Canisio
1753 2702 1915 2735 ederentur,
1935 2701 2044 2729 accidit.

362 2748 431 2774 Nam
451 2755 515 2774 eum
529 2748 681 2775 Turrianus
700 2748 815 2775 schedas
833 2756 895 2775 suas
910 2748 1073 2783 dissolutas,
1089 2750 1205 2786 ideoque
1222 2751 1301 2778 facile
1316 2749 1539 2782 confundendas,
1555 2748 1724 2784 reliquisset,
1739 2747 1867 2774 Canisius
1881 2754 1926 2773 eas
1942 2745 2045 2780 passim

363 2792 545 2826 perturbavit,
565 2792 697 2828 nulloque
722 2801 784 2820 cum
809 2792 921 2825 ordine,
941 2793 1042 2821 nedum
1067 2802 1155 2827 nexu,
1179 2795 1259 2822 nobis
1281 2793 1399 2827 obtulit;
1418 2801 1488 2829 quae
1513 2800 1588 2820 nune
1612 2791 1724 2820 demum
1744 2791 1774 2819 in
1795 2791 1901 2826 integra
1924 2789 2046 2817 editione

364 2839 455 2863 nostra
475 2836 566 2863 sedem
585 2844 664 2863 suam
683 2840 853 2871 recuperant.

443 2883 477 2913 (4)
498 2881 557 2909 Hoc
575 2880 646 2909 valet
665 2881 694 2908 in
713 2881 807 2917 lingua
827 2889 922 2917 graeca
941 2881 988 2909 ubi
1007 2886 1118 2919 γραφεύς
1139 2886 1165 2910 et
1180 2884 1277 2918 pictor
1295 2886 1335 2911 est
1355 2885 1381 2910 et
1399 2883 1533 2917 scriptor.
