2203 3331
728 197 789 220 ruo
815 196 942 220 saxei-is
969 194 1170 219 unumnrs.
1726 189 1791 222 18ss

109 264 212 293 erunt
238 254 323 291 mihi
351 253 510 302 populus
534 260 557 275 “
586 252 805 301 Confugient
832 254 998 301 deinceps
1027 261 1147 299 gentes
1174 253 1325 297 multae,
1347 255 1395 291 ait
1423 256 1671 305 propheticum
1694 255 1787 291 aliud

116 346 139 359 ,,
169 317 313 352 effatum
333 314 375 349 ad
393 313 592 349 Dominum
608 316 635 350 ᾳ.
660 343 682 357 „
703 313 944 360 Quandonam
963 313 1072 348 haec?
1095 311 1184 346 Sine
1206 312 1312 348 dubio
1333 328 1412 350 cum
1435 316 1604 351 adventus
1622 315 1689 351 Dei
1709 325 1792 352 tem-

114 391 181 425 pus
203 375 334 417 aderit‚
357 383 391 409 et
413 374 656 421 confugientes
677 374 718 409 ad
740 387 822 409 eum
844 373 1062 408 clamabunt:
1085 378 1107 392 ‘⁶
1132 371 1286 407 Domine
1308 375 1480 421 refugium
1501 377 1612 411 factus
1635 390 1669 411 es
1691 377 1791 411 nobis

117 466 140 480 ,‚
168 437 206 472 in
229 435 451 483 generatione
482 442 515 470 et
543 435 766 481 generatione
788 435 815 469 *ἦ
841 462 863 476 „
887 432 931 467 Hi
952 432 1123 466 nimirum
1144 431 1289 467 Domini
1311 434 1460 482 populus
1485 437 1618 479 vocati,
1642 437 1679 471 in
1702 438 1791 472 urbe

115 497 226 532 Sione
256 496 485 537 habitabunt,
508 494 543 529 id
567 503 619 529 est
640 493 807 539 ecclesia3
832 506 920 541 quae
949 492 1099 539 gaudere
1127 505 1167 526 ac
1188 491 1311 527 laetari
1339 494 1503 538 iubetur,
1525 496 1609 531 dum
1636 497 1791 532 filiorum

114 570 263 592 suorum
290 556 562 591 multitudinem
589 569 627 590 ac
655 567 844 589 numerum
871 561 999 588 cuncta
1027 553 1257 588 excedentem
1284 554 1440 590 miratur.
1470 555 1532 590 His
1556 566 1791 593 consentanea

113 617 200 652 alius
223 630 364 666 quoque
387 617 440 650 vir
459 624 603 651 sanctus
622 624 796 663 tamquam
815 627 855 648 ex
876 611 1070 647 Servatoris
1091 627 1239 660 persona
1260 613 1439 651 clamabit:
1460 617 1689 663 evangelizare
1711 632 1794 666 pau-

112 678 253 726 peribus
280 677 375 711 misit
395 690 451 711 me
474 678 501 711 *ἦ
525 675 661 710 Suadet
687 683 804 709 autem
832 673 935 708 nobis
956 687 996 708 ac
1017 673 1218 721 praedicat,
1238 673 1307 708 Dei
1329 675 1440 709 filium
1461 690 1501 710 ac
1522 676 1641 712 Deum
1663 679 1753 713 mitti
1773 693 1791 714 a

111 747 206 785 patre
234 738 466 785 dispensative
495 736 691 771 secundum
719 735 981 770 humanitatem.
1011 733 1153 769 Etenim
1180 735 1333 783 primum
1360 736 1552 783 apostolum
1577 746 1678 786 atque
1707 753 1791 787 pon-

111 799 245 834 tificem
268 798 498 833 confessionis
520 805 658 832 nostrae
680 797 774 831 hunc
798 796 912 844 ipsum
933 795 1091 842 agnoscit
1118 809 1231 830 sermo
1259 796 1467 844 apostolicus
1487 799 1506 817 ᾖ

1517 826 1525 840 ‚
1547 812 1673 846 nempe
1695 800 1789 848 quod

110 860 151 894 ad
180 868 372 908 pereuntes
394 872 471 893 oves
493 858 619 893 domus
641 857 801 892 israhelis
830 856 954 891 missus
975 856 1018 891 sit
1038 858 1065 891 ἴ
1095 855 1166 891 Sed
1192 857 1274 905 quia
1301 858 1446 892 missum
1469 858 1724 907 redemptorem
1752 875 1790 895 ac

109 920 370 955 benefactorem
390 933 507 966 neque
531 925 748 965 agnoverunt
769 931 883 965 neque
904 924 1117 964 receperunt
1131 944 1139 958 ,
1161 917 1294 952 idcirco
1317 917 1358 952 ad
1381 926 1500 965 gentes
1522 919 1715 954 mittuntur
1741 920 1790 954 di—

112 979 262 1027 scipuli3
290 987 395 1027 atque
424 978 506 1013 hinc
535 978 671 1012 divinae
700 977 848 1012 notitiae
879 977 976 1011 iubar
1003 977 1135 1011 mundo
1166 977 1365 1020 illucescit,
1393 993 1432 1013 ac
1463 993 1565 1027 porro
1594 979 1788 1015 desinimus

108 1039 234 1074 mundi
263 1039 446 1074 elementis
476 1039 615 1073 subesse
633 1067 640 1080 ‚
668 1046 773 1086 atque
802 1037 1032 1072 daemoniaca
1061 1038 1287 1085 oppressione
1316 1039 1543 1074 sublevamur.
1573 1039 1790 1075 Obstruatur

110 1100 216 1146 igitur
244 1113 347 1134 omne
377 1113 434 1142 os,
457 1099 553 1148 quod
580 1099 739 1147 loquitur
759 1098 925 1133 adversus
951 1097 1069 1132 Deum
1097 1098 1330 1146 iniquitatem.
1360 1098 1400 1133 Si
1429 1100 1521 1134 enim
1549 1100 1731 1148 loquentes
1753 1102 1787 1136 in

111 1158 248 1207 Spiritu
272 1160 455 1208 prophetas
476 1159 717 1207 apostolosque
739 1158 937 1207 repellunt,
953 1158 1056 1206 plane
1076 1168 1212 1193 constat
1230 1159 1329 1194 illum
1347 1174 1492 1208 quoque
1510 1174 1615 1209 quem
1635 1161 1670 1195 hi
1692 1175 1789 1196 evan-

109 1220 259 1267 gelizant
285 1221 326 1254 ab
349 1220 388 1254 iis
411 1220 609 1268 repudiari3
634 1219 731 1268 quod
754 1219 860 1267 impie
888 1233 1030 1267 prorsus
1054 1219 1095 1253 ab
1118 1219 1198 1267 ipsis
1221 1219 1296 1254 sieri
1321 1229 1539 1268 compertum
1563 1230 1622 1256 est.
1652 1221 1721 1256 Sed
1743 1236 1786 1256 ne

110 1281 226 1328 ipsum
243 1281 386 1329 quidem
404 1281 603 1315 mittentem
619 1279 739 1314 Deum
755 1288 891 1327 patrem
909 1279 1104 1314 immunem
1121 1294 1192 1314 csse
1213 1280 1354 1323 sinunt,
1372 1281 1415 1315 ad
1433 1294 1540 1329 quem
1558 1296 1667 1330 usque
1686 1282 1788 1316 stulta

109 1341 248 1376 illorum
275 1341 446 1376 calumnia
473 1349 649 1389 permeatg
674 1340 773 1389 quasi
801 1340 829 1375 is
855 1340 1059 1375 missionem
1086 1354 1104 1374 a
1133 1354 1169 1375 se
1199 1340 1377 1375 decretam
1405 1341 1544 1376 infirma
1566 1343 1696 1377 ratione
1718 1357 1789 1389 ges-

107 1402 212 1444 serit,
234 1402 493 1450 antiquumque
523 1401 610 1436 illud
638 1415 678 1436 ac
705 1414 829 1436 verum
858 1401 1043 1436 consilium
1075 1414 1211 1435 cassum
1232 1402 1399 1444 evaserit,
1424 1402 1597 1450 siquidem
1624 1403 1709 1437 nihil
1733 1418 1788 1438 us-

106 1462 201 1509 piam
227 1463 400 1509 perficere
426 1462 543 1509 magni
567 1462 702 1497 consilii
723 1462 865 1508 angelus
893 1462 1049 1497 valuerit.
1079 1461 1189 1510 Atqui
1209 1462 1247 1496 in
1268 1463 1552 1497 refractariorum
1576 1472 1678 1510 caput
1700 1464 1788 1498 blas-

106 1522 243 1569 phemia
271 1523 412 1557 recidat.
440 1522 484 1557 Et
513 1522 541 1556 si
569 1522 678 1557 alium
706 1523 794 1557 sorte
824 1530 1006 1570 expectant
1027 1522 1285 1570 redemptorem
1315 1523 1424 1570 (haec
1451 1532 1501 1557 est
1531 1523 1622 1557 enim
1650 1523 1788 1558 illorum

107 1582 246 1629 elegans
275 1591 308 1617 et
335 1583 511 1630 praeclara
540 1584 740 1630 sententia)
770 1583 807 1617 hi
835 1597 918 1618 cum
946 1583 1084 1617 Iudaeis
1110 1583 1337 1620 collocentur.
1368 1583 1445 1618 Cur
1473 1584 1567 1618 enim
1588 1584 1703 1617 abhis
1725 1584 1787 1618 dif-

107 1643 245 1677 ferant?
268 1643 296 1676 si
324 1651 415 1677 certe
444 1643 542 1677 hunc
563 1643 624 1690 qui
646 1643 740 1677 venit
760 1643 860 1677 nullo
881 1643 984 1677 modo
1010 1643 1204 1685 honorant,
1226 1657 1341 1691 neque
1370 1658 1489 1691 reapse
1511 1643 1686 1678 advenisse
1701 1673 1708 1686 2
1730 1659 1788 1678 ne-

108 1717 178 1751 que
200 1703 404 1737 hominibus
422 1703 591 1751 profuisse
614 1711 750 1751 putant.
771 1703 828 1737 Ad
851 1716 963 1737 unum
987 1703 1082 1737 enim
1105 1703 1324 1753 eundemque
1344 1704 1539 1738 terminum
1555 1704 1786 1752 blasphemiae

107 1763 213 1798 huius
240 1764 377 1797 vesania
404 1764 526 1810 pergit.

213 1824 270 1872 37.
298 1824 374 1870 Age
397 1837 475 1858 vero
498 1824 602 1865 mihi,
620 1838 639 1857 o
661 1825 911 1871 prophetarum
933 1825 1061 1873 optime
1084 1839 1122 1859 ac
1144 1825 1362 1867 beatissime,
1382 1839 1483 1860 nnnc
1505 1840 1648 1874 quoque
1667 1825 1786 1860 Deum

108 1885 272 1919 invocans
291 1884 400 1918 valida
419 1884 606 1932 boantique
625 1898 707 1918 voce
730 1885 855 1930 clamag
875 1885 1106 1928 immensum,
1128 1886 1287 1933 inquam,
1308 1886 1415 1920 clama
1437 1887 1600 1934 quicquid
1624 1887 1688 1921 tibi
1712 1886 1787 1935 Spi-

107 1944 195 1979 ritus
215 1945 368 1992 desuper
389 1958 556 1979 resonans
584 1944 721 1979 edicere
750 1945 859 1980 iubet.
887 1945 1062 1994 Eloquere
1084 1946 1191 1988 mihi,
1214 1954 1247 1980 et
1269 1960 1465 1980 sermonem
1494 1955 1593 1981 tuum
1614 1947 1784 1982 divinitus

107 2004 338 2039 informatum
358 2006 485 2052 profer.
514 2004 604 2039 Nafn
626 2005 744 2039 divina
767 2005 842 2040 sine
865 2005 973 2040 dubio
1001 2006 1248 2041 vaticinaberis
1270 2007 1296 2041 ξ.
1318 2013 1341 2027 “
1366 2005 1442 2040 Erit
1464 2006 1518 2041 die
1547 2007 1625 2045 illa,
1648 2008 1693 2042 ait
1716 2006 1786 2043 Do-

111 2093 133 2106 „
161 2064 281 2099 minus
310 2065 551 2112 omnipotens:
575 2065 775 2112 disperdam
802 2065 946 2100 nomina
972 2066 1145 2101 idolorum
1173 2066 1214 2100 de
1242 2074 1358 2107 terra,
1379 2080 1496 2114 neque
1524 2067 1662 2102 illorum
1689 2068 1785 2102 dein-

110 2153 133 2165 .,
164 2138 244 2172 ceps
265 2125 432 2159 memoria
454 2125 638 2172 supererit.
662 2154 685 2168 „
707 2125 779 2160 Sed
800 2126 897 2160 enim
916 2126 981 2161 tibi
1004 2127 1169 2175 quidem,
1190 2140 1208 2161 o
1230 2136 1339 2169 vates‚
1358 2127 1563 2162 facillimum
1584 2129 1649 2162 fuit
1671 2143 1688 2163 a
1709 2128 1785 2164 Deo

109 2184 262 2227 initiari,
283 2185 344 2232 qui
358 2187 512 2233 'corpore
531 2185 646 2219 anima
670 2199 709 2220 ae
729 2194 847 2221 mente
867 2187 1072 2234 purificatus
1090 2188 1221 2229 fueras,
1240 2187 1390 2235 ideoque
1414 2195 1448 2221 et
1469 2187 1544 2222 aliis
1565 2188 1783 2236 praedicare,

108 2252 141 2278 et
169 2244 296 2278 futuris
325 2245 497 2280 aetatibus
525 2246 687 2293 scriptam
717 2246 855 2281 tradere
886 2261 1007 2282 rerum
1040 2248 1266 2295 mysticarum
1294 2247 1475 2282 veritatem
1504 2257 1537 2282 et
1566 2249 1782 2286 evidentiam.

108 2303 180 2338 Nos
208 2313 325 2339 autem
346 2306 425 2340 heic
446 2305 668 2340 demorantes
683 2335 690 2348 ‚
713 2306 821 2341 multa
843 2315 883 2342 ut
904 2321 965 2355 par
987 2316 1058 2351 est,
1079 2308 1286 2356 perplexitas
1304 2317 1424 2354 urget,
1448 2308 1533 2356 quid
1555 2309 1649 2357 prius
1672 2311 1713 2344 sit
1735 2311 1785 2345 di-

109 2364 281 2408 cendum,
297 2366 383 2413 quid
404 2366 440 2400 in
462 2374 643 2414 posterum
664 2367 923 2403 reservandum.
946 2367 1043 2413 Quid
1063 2369 1154 2403 enim
1175 2368 1216 2402 ad
1238 2368 1324 2402 haec
1348 2368 1578 2416 eloquemur?
1595 2368 1683 2415 Quis
1705 2379 1782 2418 pote

106 2433 261 2473 suscepta
295 2426 476 2469 oratione,
505 2426 660 2474 Spiritus
688 2441 754 2461 seu
780 2428 934 2463 veritatis
967 2429 1071 2475 digne
1102 2429 1277 2463 celebrare
1313 2429 1485 2463 infinitam
1513 2438 1545 2464 et
1572 2431 1783 2466 inaccessam

107 2485 364 2528 summitatem,
385 2486 438 2521 vel
460 2487 745 2521 manifestationis
773 2488 847 2522 eius
874 2502 998 2536 puram
1019 2497 1120 2537 atquc
1150 2489 1368 2537 perspicuam
1388 2489 1575 2536 imaginem
1597 2491 1783 2527 exhibere?

106 2545 184 2591 quis
206 2545 480 2593 irreligiosorum
501 2547 741 2595 insipientiam
764 2556 869 2597 atque
889 2549 1088 2584 vecordiam
1109 2549 1189 2583 satis
1213 2551 1401 2597 coarguat?
1422 2550 1516 2585 Nam
1537 2551 1621 2599 quid
1645 2560 1696 2586 est
1718 2553 1781 2586 hac

107 2603 266 2640 doctrina
286 2606 412 2642 clarius
429 2616 530 2656 atque
550 2608 772 2644 evidentius?
791 2608 877 2656 quid
896 2609 1030 2643 facilius
1048 2610 1100 2644 vel
1123 2609 1263 2656 dignius
1281 2609 1350 2645 dici
1367 2612 1504 2658 potest?
1522 2610 1595 2646 Hae
1614 2625 1665 2646 res
1682 2613 1783 2660 quip-

107 2677 148 2710 pe
170 2665 338 2702 'solaribus
360 2668 461 2702 radiis
481 2668 703 2716 splendidius
722 2668 937 2704 elucescunt.
960 2669 1058 2704 Nihil
1076 2670 1152 2705 heic
1174 2685 1261 2718 opus
1280 2679 1330 2705 est
1349 2671 1781 2706 hermeneuticorumser-

105 2736 254 2760 monum
274 2726 376 2775 longa
397 2729 565 2777 periodo,
583 2729 676 2764 haud
694 2728 836 2764 latentis
856 2730 890 2763 in
910 2730 1083 2777 profundo
1104 2745 1226 2766 sensus
1247 2732 1396 2766 scrutari
1419 2732 1554 2767 curiose
1575 2741 1677 2779 atque
1700 2732 1779 2765 esso-

106 2781 192 2818 dere
220 2795 356 2834 oportet
376 2789 543 2824 obrutum
565 2789 863 2837 obscuratumque
885 2789 1111 2833 thesaurum,
1132 2805 1248 2840 neque
1275 2792 1484 2839 metaphrasi
1504 2791 1616 2838 aliqua
1638 2804 1777 2837 egemus

108 2856 197 2892 quae
217 2845 318 2895 longo
341 2849 495 2885 circuitu
514 2850 716 2886 discurrens
730 2879 738 2893 ‚
759 2849 962 2887 dictionum
983 2851 1248 2899 ambiguitatem
1269 2860 1303 2887 et
1322 2852 1468 2888 latebras
1492 2851 1641 2896 evolvat3
1660 2865 1776 2899 neque

1827 330 1837 340 ⁶
1853 330 1919 351 lach.
1937 332 1962 351 Η.
1982 336 2011 352 lt.

1827 448 2006 469 'PsiLXXXlx
2018 452 2032 469 Ι.

1828 696 1838 705 ’
1854 695 1986 716 ts.l.x1.1,

1827 818 1837 829 ‘
1854 818 1922 838 Hebri
1940 818 1976 838 111.
1997 823 2013 839 1.

1828 881 1836 887 ⁸
1847 879 1928 899 marth,
1941 880 1986 900 XV.
2001 886 2031 901 2¹¹.

1821 1966 1857 1985 Gr.
1873 1973 1894 1992 μ
1912 1971 1941 1987 179.

1821 2030 1828 2038 ⁴
1844 2028 1908 2048 larii,
1925 2029 1980 2049 xm*
1997 2033 2014 2048 ’3.
