2203 3331
292 1291 329 1310 lm.
343 1295 366 1315 p⁴
383 1292 426 1311 103.

462 180 530 213 232
1051 189 1066 213 s
1106 190 1283 213 mcernom
1310 189 1548 212 APOLOGETICL'S

461 244 622 292 explicita
650 243 773 292 partim
801 243 946 292 quidem
976 244 1217 294 calligraphica
1241 245 1389 292 peritia,
1411 243 1551 279 divinae
1577 257 1639 279 nos
1666 244 1831 281 historiae
1860 246 2038 283 doctrinas
2066 248 2148 284 edo-

461 314 563 350 cent3
590 304 717 352 partim
740 318 818 339 vero
842 305 991 352 pictoria
1013 315 1086 341 arte
1110 305 1250 341 easdem
1270 305 1372 339 nohis
1394 318 1448 339 res
1470 313 1742 353 repraesentant.
1772 307 1897 355 Neque
1919 316 2037 342 tamen
2059 309 2146 344 illud

462 366 566 412 magis
590 378 697 413 quam
717 364 811 399 istud
835 366 1052 414 propositum
1079 374 1326 413 argumentum
1351 364 1580 401 demonstrat.
1606 365 1710 400 Unus
1731 367 1862 415 quippe
1886 376 1938 402 est
1960 368 2145 418 utriusque

461 426 513 460 rei
534 439 663 466 sermo,
688 433 723 460 ct
745 426 788 459 ab
812 434 961 474 utraque
985 426 1145 461 salutaris
1166 425 1235 460 Dei
1256 425 1367 460 Verbi
1390 424 1568 460 incarnati
1590 426 1832 472 magisterium
1854 435 1887 462 et
1908 429 2077 463 memoria
2099 430 2146 464 fit.

461 487 555 522 'Nam
575 501 663 534 quae
685 487 799 521 verbis
822 487 858 521 in
882 488 1008 536 scripta
1032 488 1280 535 praedicantur
1305 486 1474 529 lectione,
1497 486 1619 521 eadem
1642 487 1746 522 etiam
1767 488 1889 523 oculus
1912 503 1952 524 ex
1973 489 2147 537 pictarum

460 547 685 582 historiarum
706 547 922 595 inspectione
945 547 1085 595 colligit.
1108 547 1199 595 Ergo
1218 548 1245 582 si
1263 548 1341 596 quis
1361 556 1493 596 partem
1511 548 1666 590 auferet,
1686 556 1801 583 totum
1821 549 2037 585 destruxerit.
2055 549 2148 586 Nam

462 621 501 643 ex
528 607 684 656 partibus
713 616 828 643 totum
858 608 1041 643 conflatur.
1071 608 1177 654 Quod
1207 609 1234 643 si
1263 608 1348 657 quid
1377 609 1503 643 horum
1530 608 1710 656 perturbat
1737 608 1899 652 insanos,
1922 610 2149 659 ipsorumque

461 668 648 703 attonitam
674 668 790 717 pulsat
818 677 992 711 mentem,
1017 677 1089 703 esto
1116 669 1325 704 scandalum
1353 669 1453 717 ipsis,
1476 669 1571 717 quod
1598 668 1655 703 illa
1680 668 1825 717 quidem
1851 669 2038 705 levioribus
2065 671 2150 706 scri-

462 729 572 777 pturis
597 729 840 777 coloribusque
868 729 1122 772 charaxantur,
1144 730 1230 765 haee
1259 739 1379 765 autem
1404 730 1634 765 crassioribus
1656 729 1761 765 lineis
1787 730 1978 779 figurisque
2000 731 2151 779 pingun-

464 799 542 837 tur,
568 791 746 839 multaque
771 791 933 825 materiae
960 790 997 825 in
1023 791 1074 825 his
1101 791 1282 825 diversitas
1307 800 1367 827 est.

567 852 625 887 (32.
655 850 761 897 Quod
782 852 809 886 si
830 851 1001 886 curiosius
1024 851 1263 898 indagandum
1290 860 1362 894 est,
1385 852 1471 887 haec
1492 852 1610 900 potius
1630 866 1736 901 quam
1760 852 1818 887 illa
1838 853 2036 901 praevalere
2059 854 2150 888 vide-

463 913 620 959 bunun-3
645 913 728 960 quia
752 911 809 946 illa
837 912 999 946 auditum
1028 911 1272 947 tantummodo
1301 912 1465 960 pulsant,
1486 913 1569 948 haee
1597 922 1716 948 autem
1744 914 1855 949 visum
1883 928 2024 962 quoque
2051 923 2151 950 attra-

463 974 577 1017 hunt,
601 982 636 1008 et
662 973 718 1007 illa
742 972 885 1021 quidem
912 972 1096 1015 celeriter,
1118 973 1201 1007 haec
1222 981 1341 1007 autem
1363 973 1463 1008 ocius
1485 974 1745 1022 propositarum
1770 988 1886 1010 rerum
1911 974 2074 1010 notitiam
2097 989 2151 1010 ex-

465 1034 606 1070 hibent:
631 1034 737 1068 immo
759 1047 842 1068 vcro
863 1033 957 1068 visus
978 1034 1171 1081 promptior
1193 1042 1243 1068 est
1265 1041 1302 1068 et
1325 1047 1494 1081 persuasu
1517 1035 1674 1078 sacffiorg
1698 1035 1988 1084 quandoquidem
2017 1044 2051 1070 et
2078 1036 2153 1084 ipse

465 1094 607 1129 auditus
632 1108 651 1128 a
678 1095 751 1129 visu
780 1094 975 1142 praeveniri
1007 1094 1104 1129 solet.
1134 1093 1246 1129 Porro
1274 1108 1364 1142 quae
1392 1094 1573 1130 audiendo
1601 1095 1811 1139 didicimus,
1837 1096 1963 1131 oblivio
1992 1105 2152 1144 tempore

466 1155 611 1190 Inducta
634 1154 841 1203 plerumque
864 1154 1047 1202 intercipit
1069 1163 1104 1189 et
1125 1156 1314 1201 obscurat3
1336 1169 1425 1203 quae
1452 1164 1573 1190 autem
1594 1156 1685 1191 visui
1708 1165 1792 1191 sunt
1816 1157 1970 1199 obiecta,
1992 1171 2031 1191 ea
2050 1157 2155 1192 stabi-

463 1215 530 1250 lius
554 1215 678 1250 animis
703 1214 976 1263 imprimuntur,
998 1215 1079 1264 quia
1103 1215 1145 1250 ad
1169 1216 1358 1263 patheticas
1378 1225 1494 1263 partes
1517 1215 1770 1252 adiuvantibus
1791 1217 1952 1252 sensibus
1977 1217 2153 1252 transmit-

464 1284 600 1311 tuntur.
624 1275 815 1311 Praeterea
838 1276 922 1311 haec
945 1276 1012 1311 illis
1034 1276 1112 1324 plus
1134 1276 1287 1319 habent,
1311 1276 1408 1325 quod
1433 1277 1609 1325 sapientes
1631 1277 1735 1313 simul
1759 1286 1792 1312 et
1815 1278 1939 1313 idiotas
1960 1278 2154 1326 percellen-

464 1336 570 1372 lendo
584 1365 592 1380 ,
613 1351 724 1385 aeque
747 1337 909 1372 omnibus
932 1346 1104 1385 prosunt,
1127 1346 1159 1372 et
1180 1338 1249 1373 sive
1271 1339 1348 1386 quis
1374 1338 1529 1373 rusticus
1553 1339 1622 1373 sive
1647 1339 1803 1374 urbanus
1817 1367 1824 1381 ,
1846 1352 1966 1386 parem
1985 1338 2154 1373 notitiam

464 1397 660 1446 participat.
684 1397 790 1433 Certe
811 1398 896 1433 haec
918 1398 960 1433 ad
982 1398 1127 1445 benigni
1150 1398 1341 1434 Servatoris
1362 1399 1478 1434 nostri
1498 1399 1710 1434 humilitatis
1731 1400 1936 1448 mysterium
1957 1399 2066 1446 magis
2086 1413 2155 1434 ma-

464 1459 583 1507 gIsque
606 1458 802 1494 admovent.
833 1458 974 1507 Quippe
997 1459 1102 1494 rudes
1129 1460 1290 1494 homines
1316 1473 1419 1507 saepe
1447 1468 1679 1507 praetereunt
1705 1459 1901 1503 lectiones,
1922 1460 2002 1508 quia
2032 1468 2154 1494 carent

466 1519 688 1562 eruditione,
711 1527 744 1554 et
766 1519 963 1554 litterarum
988 1528 1072 1555 sunt
1102 1529 1266 1568 expertes.
1297 1519 1406 1555 Sicut
1433 1534 1512 1567 ergo
1537 1520 1657 1555 audito
1687 1534 1870 1563 sermone,
1893 1520 1987 1555 haud
2011 1520 2154 1555 aurium

466 1588 570 1615 tenus
594 1579 797 1615 auditarum
820 1593 941 1615 rerum
962 1580 1011 1614 vis
1037 1580 1149 1623 sistit,
1172 1581 1230 1615 sed
1258 1580 1436 1616 dictorum
1461 1581 1668 1627 significatio
1694 1581 1731 1615 in
1758 1589 1857 1615 actus
1881 1580 2022 1628 prodire
2047 1580 2153 1626 sacit3

464 1641 512 1676 ita
541 1642 644 1676 etiam
670 1649 840 1689 spectatae
862 1641 899 1675 in
920 1641 1068 1689 picturls
1089 1641 1256 1677 historiae
1272 1670 1280 1684 ,
1302 1642 1398 1677 haud
1420 1642 1457 1677 in
1479 1642 1513 1676 vi
1533 1642 1657 1677 visuali
1681 1650 1818 1677 tantum
1841 1650 2068 1690 permanentg
2093 1642 2154 1677 sed

466 1703 631 1736 transfert
656 1715 738 1737 mox
766 1710 799 1736 et
826 1702 1041 1737 manuducit
1069 1711 1343 1751 conspectarum
1371 1716 1493 1738 rerum
1521 1703 1675 1738 obiectio
1703 1711 1859 1738 mentem
1882 1702 2083 1750 aspicientis
2110 1702 2153 1736 ad

466 1762 667 1798 sublimiora
690 1771 725 1797 et
746 1763 970 1812 principalia,
992 1778 1082 1812 quae
1105 1778 1176 1799 non
1198 1764 1322 1808 sinunt
1345 1764 1380 1798 in
1404 1763 1567 1812 symbolis
1589 1777 1723 1799 sacram
1744 1763 1918 1798 demorari
1942 1763 2154 1809 efficaciam3

465 1823 525 1858 sed
548 1838 567 1857 a
591 1823 817 1858 sensibilibus
842 1823 897 1859 his
923 1833 956 1858 et
980 1824 1202 1859 naturalibus
1224 1839 1263 1859 ac
1284 1824 1501 1872 quotidianis
1516 1853 1523 1867 ,
1545 1824 1588 1858 ad
1613 1824 1862 1859 intellectualia
1887 1824 1928 1858 ab
1949 1823 2029 1871 ipsis
2050 1823 2157 1858 mani·

467 1885 589 1919 l'estata
611 1884 796 1919 deducunt
818 1893 851 1920 et
875 1886 1072 1921 conferunt.
1096 1885 1214 1931 Quare
1237 1886 1339 1920 homo
1361 1885 1456 1920 haud
1478 1899 1579 1921 secus
1602 1899 1708 1934 quam
1731 1885 1760 1919 si
1781 1899 1836 1919 res
1857 1884 1943 1932 ipsas
1962 1892 2153 1932 spectaret,

465 1946 508 1980 ab
535 1945 588 1980 his
609 1946 817 1989 attrahitur,
840 1954 875 1981 et
897 1954 1076 1995 tamquam
1098 1947 1338 1994 praesentibus
1360 1960 1422 1995 per
1444 1946 1597 1994 symbola
1616 1946 1734 1988 adest,
1757 1954 1791 1980 et
1814 1945 2086 1993 compungitur,
2108 1954 2156 1980 at-

466 2020 532 2054 que
560 2006 602 2042 ad
627 2006 817 2041 bonitatem
841 2006 1060 2050 inflectitur,
1083 2015 1116 2041 ct
1143 2007 1312 2042 suavitate
1341 2007 1519 2055 repletur,
1543 2015 1575 2041 et
1602 2020 1703 2041 suam
1731 2005 1886 2041 animam
1913 2014 2066 2049 recreat,
2087 2019 2157 2058 nie-

465 2066 602 2114 liusque
627 2081 731 2115 quam
756 2076 858 2102 antea
884 2076 918 2102 et
942 2068 1072 2102 habere
1097 2082 1131 2103 se
1157 2068 1330 2103 existimat
1354 2077 1387 2103 et
1412 2082 1481 2103 esse
1507 2068 1692 2103 adfectum.

570 2127 628 2163 63.
659 2127 752 2163 Haec
781 2142 836 2166 ars
865 2128 980 2176 itaque
1010 2128 1051 2162 ad
1081 2129 1301 2175 evangelicae
1330 2129 1513 2164 doctrinae
1543 2128 1742 2164 subsidium
1771 2128 1838 2162 iam
1866 2126 1952 2162 inde
1980 2127 2021 2162 ab
2050 2127 2155 2162 initio

469 2187 595 2222 tradita
623 2188 687 2223 suit
708 2189 750 2222 ab
775 2188 935 2224 eiusdem
955 2188 1138 2236 religionis
1165 2203 1204 2224 ac
1233 2190 1314 2224 fidei
1342 2189 1509 2232 adseclis,
1535 2188 1749 2224 Christianis
1778 2187 1936 2233 scilice13
1961 2187 2012 2222 sic
2040 2187 2155 2223 divino

467 2258 630 2297 operante
650 2249 823 2285 instinctu
843 2258 875 2284 et
894 2250 1020 2297 gratia,
1039 2259 1079 2286 ut
1097 2250 1250 2285 alterum
1269 2250 1375 2285 altero
1392 2250 1634 2285 vehementius
1652 2250 1861 2284 firmaretur.
1883 2248 2042 2284 Invicem
2059 2249 2155 2284 enim

469 2309 676 2352 cohaerent,
698 2319 733 2345 et
760 2310 842 2359 quia
869 2325 910 2346 ex
937 2325 1010 2346 uno
1038 2311 1211 2360 principio
1239 2311 1435 2360 prodeunt,
1462 2325 1560 2346 suam
1586 2310 1738 2345 vicissim
1766 2323 1865 2358 opem
1893 2309 2154 2358 utilitatemque

468 2370 729 2418 impertiuntur.
755 2371 908 2407 Videtur
929 2372 1047 2421 itaque
1072 2387 1184 2408 sermo
1207 2373 1424 2420 evangelicus
1452 2373 1543 2407 nihil
1570 2371 1624 2407 his
1652 2372 1782 2407 insanis
1810 2371 1979 2419 prodesse.
2006 2369 2156 2419 Alioqui

451 2430 656 2465 docilitatis
675 2440 779 2480 atque
807 2433 1064 2480 intelligentiae
1093 2435 1251 2469 sructuin
1274 2434 1429 2482 aliquem
1449 2434 1697 2482 percepissent.
1727 2432 1800 2467 Sed
1824 2432 1920 2467 enim
1941 2445 2006 2465 ceu
2035 2431 2155 2467 nudus

467 2505 579 2525 sermo
607 2492 764 2539 ipsorum
784 2507 884 2528 aures
903 2494 1118 2542 praeteriens
1132 2523 1140 2537 ‚
1162 2509 1356 2543 parumque
1380 2494 1566 2537 vellicans,
1588 2508 1658 2528 una
1687 2506 1768 2527 cum
1792 2500 1871 2527 aere
1899 2505 2067 2539 percusso
2089 2491 2156 2526 dis-

467 2551 633 2594 solvitur,
653 2553 746 2587 haud
775 2553 810 2587 in
839 2555 1032 2602 penetralia
1060 2555 1173 2590 cordis
1200 2563 1364 2603 receptus
1387 2564 1421 2590 et
1446 2554 1609 2596 abditus,
1632 2568 1749 2601 neque
1779 2552 1910 2587 mentis
1942 2551 2072 2587 tabulis
2093 2551 2154 2586 im-

467 2626 615 2659 pressus.
645 2611 738 2647 Hinc
761 2613 799 2648 fit
820 2623 859 2649 ut
880 2616 1011 2650 frustra
1033 2616 1099 2664 ipsi
1120 2616 1344 2663 evangellum
1373 2623 1519 2650 teneant
1539 2623 1573 2649 et
1593 2614 1824 2661 famigerent3
1850 2626 1930 2647 nam
1951 2612 2156 2647 violatorum

467 2673 584 2720 potius
612 2673 783 2720 evangelii
810 2674 1013 2721 dogmatum
1040 2677 1094 2711 rei
1121 2678 1236 2720 fiunt,
1260 2684 1589 2724 consequenterque
1612 2674 1819 2722 impendens
1845 2673 2060 2722 supplicium
2082 2687 2156 2707 non

470 2734 657 2780 effugient:
680 2733 945 2770 convincuntur
973 2737 1070 2771 enim
1099 2737 1261 2786 undique
1285 2736 1455 2783 evangelii
1483 2750 1557 2770 csse
1589 2743 1829 2783 corruptoresg
1853 2748 1924 2783 quo
1945 2734 2032 2782 quid
2054 2733 2158 2768 scele-

469 2792 555 2828 stius
578 2808 648 2829 esse
673 2802 788 2842 potest
806 2803 866 2829 aut
886 2796 1134 2843 irreligiosius?
1158 2798 1218 2833 Sic
1237 2812 1316 2845 ergo
1335 2805 1477 2844 agentes
1490 2825 1497 2839 ,
1517 2795 1673 2843 produnt
1690 2810 1725 2830 se
1747 2795 1881 2830 Christi
1900 2804 1933 2830 et
1954 2803 2157 2829 sanctorum

468 2868 602 2898 osores,
624 2854 812 2903 dirumque
835 2863 869 2890 et
892 2855 1107 2904 implacabile
1130 2858 1262 2893 bellum
1283 2858 1469 2893 adversum
1489 2857 1550 2891 hos
1573 2856 1777 2905 suscepisse.
1807 2855 1925 2902 Quam
1946 2869 2042 2898 rem,
2064 2854 2156 2902 quis-
