2203 3331
718 156 755 177 nr
782 155 941 178 ,ui-:rnonn
967 154 1144 177 nrisromss
1172 155 1271 177 DUAE.
1774 146 1843 178 <2157

156 212 221 246 bus
243 210 445 260 sanctisque
467 209 682 258 imaginibus
703 210 934 260 recipiendis,
952 209 1166 244 anathemati
1183 209 1408 246 subiciendos
1431 225 1503 246 cssc
1524 211 1742 254 haereticos,
1759 225 1847 259 quos

161 271 543 318 Christianocategoras
568 274 576 320 (
595 272 879 307 Christianorum
901 271 1140 317 accusatores)
1166 277 1201 304 et
1222 270 1451 307 iconoclastas
1472 286 1574 307 verus
1596 286 1708 307 sermo
1733 272 1840 307 nomi-

159 342 239 376 nat,
261 332 426 368 decrevit.
454 332 593 368 Cuncta
615 342 731 369 autem
752 332 942 368 constituta
962 330 1210 366 inviolabiliter
1231 339 1264 365 ct
1288 332 1386 367 firme
1416 333 1584 368 custodiri
1605 333 1737 376 nostis,
1759 334 1844 368 inte-

162 407 325 442 gramque
347 393 438 441 apud
461 409 522 429 nos
543 396 562 415 ξ*
584 408 703 430 omncs
725 394 924 429 sacerdotes
944 407 982 428 ac
1005 393 1190 427 monachos
1212 400 1320 441 atque
1342 393 1446 428 laicos
1463 394 1532 428 rim
1554 394 1692 429 illorum
1715 409 1848 429 conser-

159 455 249 497 vari,
267 454 564 503 quemadmodum
580 456 765 504 perspicue
783 455 911 490 docent
927 453 1177 502 synodicorum
1195 453 1270 488 eius
1289 453 1457 488 librorum
1479 455 1683 503 scripturae.
1706 454 1848 490 Cuncta

159 514 253 549 enim
275 529 315 549 ex
337 515 493 550 fontibus
514 508 681 550 israhelisr
696 516 817 550 hausta
838 516 953 557 suere,
972 513 1131 561 nihilque
1153 521 1290 561 praeter
1309 513 1370 547 hos
1391 514 1615 561 proclamavit
1637 523 1695 550 aut
1717 516 1848 552 omisit:

159 588 312 624 namque
343 576 467 624 synodi
495 576 600 612 liuius
629 576 791 611 doctrina
823 589 942 623 neque
973 574 1235 609 incrementum
1262 574 1398 622 patitur
1428 589 1544 622 neque
1575 576 1848 613 detrimentum:

161 637 334 685 scriptum
363 646 414 672 est
445 638 565 681 enim,
594 647 638 672 ne
667 637 753 685 quid
782 637 812 671 ei
840 636 1049 678 adficiatur,
1078 643 1139 670 aut
1167 636 1352 670 auferatur.
1385 634 1559 683 Equidem
1589 645 1630 671 ut
1656 637 1691 671 in
1724 651 1848 683 regum

162 698 270 733 etiam
297 698 471 741 nummis,
501 699 529 733 si
557 698 642 747 quid
672 699 715 733 de
745 707 827 747 typo
857 696 1158 739 circumcidatur,
1188 704 1283 731 totus
1311 709 1480 731 nummus
1508 697 1646 732 inutilis
1675 699 1846 734 efficitur:

161 760 210 794 ita
234 760 339 794 etiam
361 760 389 794 si
410 760 489 808 quis
509 759 560 794 vel
584 759 772 794 minimum
800 758 844 793 de
874 758 981 793 sacris
1011 758 1205 793 canonibus
1230 758 1426 800 subvertat,
1447 757 1499 791 rei
1521 758 1703 793 universae
1729 772 1848 793 corru-

162 820 290 868 ptelam
318 820 434 855 infert.
465 819 526 855 Sic
547 820 717 855 nimirum
737 819 799 868 qui
821 819 1098 854 additamentum
1120 818 1260 853 divinae
1289 818 1479 867 scripturae
1501 827 1562 853 aut
1583 819 1687 853 sacris
1710 820 1849 854 canoni-

162 882 226 915 bus
247 890 307 916 aut
328 890 464 929 patrum
485 881 679 928 magisterio
704 881 919 924 moliuntur,
940 881 1117 915 veritatem
1141 880 1344 927 extinguere
1370 880 1587 928 exploratum
1611 888 1681 925 estg
1705 889 1739 915 et
1763 880 1849 928 ipso-

162 956 244 978 rum
264 942 404 990 linguae
423 942 580 977 sonitum
600 942 684 977 salsa
703 942 836 977 locutio
859 942 1098 990 subsequitur.
1120 940 1210 988 Ergo
1228 949 1440 976 mementote
1457 940 1526 976 Dei
1543 940 1716 977 dicentis:
1736 956 1847 989 quum

162 1003 276 1038 omnia
297 1012 391 1038 recte
413 1004 555 1046 feceris,
578 1004 774 1039 salvaberis.
798 1002 943 1051 Vosque
964 1003 1048 1038 adeo
1069 1003 1105 1037 in
1127 1011 1236 1037 vestra
1257 1001 1325 1037 Dei
1347 1011 1440 1037 nutu
1465 1011 1673 1050 congregata
1694 1002 1824 1050 synodo
1839 1032 1846 1045 ,

161 1064 302 1099 veritati
323 1064 573 1107 adhaerentes,
595 1064 735 1099 dilatate
759 1077 795 1098 os
819 1063 1025 1112 Spirituque
1047 1063 1239 1112 complete,
1263 1078 1302 1098 ex
1325 1063 1492 1110 evangelii
1512 1077 1637 1098 norma
1660 1072 1693 1099 et
1716 1073 1847 1113 aposto-

163 1126 276 1160 lorum
303 1134 338 1160 et
363 1139 538 1160 canonum
563 1133 666 1173 atque
690 1132 827 1172 patrum
853 1124 1038 1160 decernite
1063 1132 1127 1160 etc.

198 1248 321 1283 Sancti
337 1248 515 1284 Methodii
530 1248 745 1296 patriarchae
764 1247 1138 1295 constantinopolitani
1157 1247 1298 1295 epistola
1316 1247 1417 1282 missa
1434 1247 1474 1282 ad
1492 1246 1814 1295 Hierosolymorum

480 1310 714 1358 patriarcham
735 1309 777 1344 de
800 1308 1017 1357 depositi0ne
1039 1316 1273 1356 apostatarum
1293 1308 1530 1344 sacerdotum.

267 1430 456 1465 Extensam
477 1444 495 1465 a
517 1439 574 1465 tua
596 1430 787 1466 venerabili
808 1430 1022 1465 sublimitate
1047 1430 1214 1464 sermonis
1242 1443 1407 1472 manum,
1431 1430 1533 1465 nobis
1555 1444 1616 1478 per
1636 1429 1844 1476 religiosissi-

165 1504 263 1526 mum
284 1492 424 1526 fratrem
447 1491 647 1534 Silvanum,
668 1492 908 1540 presbyterum
931 1504 968 1525 ac
990 1491 1222 1533 monachum,
1242 1491 1466 1538 superiorum
1488 1491 1648 1525 omnium
1669 1504 1780 1538 usque
1803 1490 1844 1525 ad

164 1566 226 1587 nos
254 1552 490 1600 synodorum,
513 1560 643 1599 gratam
668 1552 858 1587 admodum
885 1560 918 1586 et
938 1552 1161 1587 orthodoxam
1184 1551 1335 1587 delatam
1359 1551 1579 1600 accepimus:
1603 1559 1843 1600 vestramque,

164 1613 208 1647 de
238 1628 305 1662 qua
332 1613 546 1648 admonitam
575 1613 747 1648 voluimus
772 1613 964 1648 fraternam
992 1621 1088 1647 tuam
1113 1613 1298 1661 pietatem,
1322 1621 1417 1648 recte
1440 1621 1474 1647 et
1493 1612 1791 1647 indeclinabiliter
1810 1612 1846 1646 li-

165 1674 298 1709 bratam
317 1674 549 1716 sententiam,
569 1673 720 1708 libenter
740 1673 997 1720 intelleximus3
1017 1686 1146 1722 nempe
1169 1673 1264 1722 quod
1286 1672 1356 1708 Dei
1379 1674 1507 1709 auxilio
1529 1674 1585 1709 usi
1611 1674 1782 1708 fuerimus
1803 1673 1845 1707 ad

165 1735 449 1783 consequendam
468 1748 586 1770 veram
607 1749 695 1783 quae
717 1734 839 1781 obtigit
861 1735 1088 1770 concordiam
1108 1743 1285 1782 nostram3
1307 1735 1603 1784 quemadmodum
1625 1735 1762 1769 scilicet
1781 1748 1844 1768 nos

164 1796 320 1843 ambigui
339 1810 396 1830 vos
418 1795 728 1843 interrogavimus,
750 1796 923 1844 plenoque
948 1796 1099 1831 adsensu
1120 1810 1178 1831 vos
1200 1797 1448 1844 respondistis:
1469 1797 1650 1838 videlicet,
1673 1795 1845 1831 constitu—

165 1866 215 1892 tos
237 1871 255 1891 a
277 1856 417 1892 Tarasio
439 1865 475 1892 et
495 1856 717 1905 Nicephoro,
738 1857 847 1892 beatis
869 1865 902 1892 et
924 1857 1122 1892 orthodoxis
1144 1858 1302 1905 patribus
1329 1858 1567 1907 fratribusque
1588 1857 1714 1892 nostris
1736 1870 1844 1891 sacer-

166 1918 309 1953 dotibus
323 1946 331 1960 ,
353 1926 472 1966 postea
493 1932 511 1952 a
530 1918 676 1952 veritate
698 1918 867 1952 deciduos
881 1946 888 1960 ,
912 1927 946 1952 et
967 1926 1059 1952 recta
1079 1918 1135 1952 via
1159 1927 1355 1953 exerrantes
1369 1947 1378 1960 ,
1400 1919 1426 1952 si
1448 1919 1470 1952 ii
1491 1933 1531 1953 ex
1552 1926 1620 1953 tota
1645 1918 1763 1953 anima
1787 1931 1843 1952 eos

167 1979 399 2026 paenituerit,
419 1987 453 2013 et
474 1979 804 2013 inconsiderantiam
825 1992 924 2014 suam
946 1979 1203 2019 damnaverint,
1220 1980 1385 2028 vitaeque
1404 1980 1597 2015 mutatione
1614 1980 1753 2027 diguam
1770 1994 1844 2027 pac-

168 2039 353 2073 nitentiam
379 2048 450 2074 tota
477 2048 594 2075 mente
622 2048 818 2087 susceptam
838 2040 1176 2082 demonstraverint,
1199 2049 1231 2075 et
1259 2041 1451 2075 haereseon
1479 2050 1660 2083 auctorne,
1684 2054 1766 2075 cum
1786 2040 1843 2074 lio-

166 2112 247 2133 rum
273 2100 502 2134 abominanda
530 2100 717 2136 cacodoxia
735 2100 983 2147 abnegaverint
1003 2109 1035 2135 et
1055 2101 1448 2144 anathematizaverint,
1470 2116 1568 2136 verae
1591 2101 1766 2148 religionis
1787 2100 1843 2135 de-

169 2159 389 2194 finitionibus
416 2168 563 2195 staturos
591 2176 624 2196 se
651 2162 913 2209 promittentes,
942 2170 976 2195 et
1003 2162 1243 2197 orthodoxiam
1270 2163 1408 2211 publice
1437 2163 1661 2210 profitentes,
1690 2171 1726 2210 et
1754 2162 1842 2197 ham¹

168 2234 278 2268 usque
301 2221 343 2255 ad
367 2221 504 2255 obitum
524 2222 676 2256 retinere
697 2222 865 2270 deinceps
884 2222 1126 2269 promittentes
1151 2222 1277 2270 (immo
1301 2231 1335 2257 et
1358 2237 1438 2258 cum
1459 2223 1586 2270 gaudio
1609 2231 1760 2258 mortem
1780 2237 1842 2270 pro

167 2281 312 2315 veritate
335 2281 531 2329 subituros)
555 2296 669 2329 usque
692 2282 730 2316 in
751 2281 843 2316 diem
867 2281 1020 2325 Christi,
1043 2291 1080 2317 ut
1101 2291 1280 2318 aeternam
1300 2284 1614 2332 incessabilcmquc
1636 2284 1742 2318 x-itam
1765 2298 1844 2319 con-

168 2350 384 2390 sequantur3
408 2343 468 2376 hos
490 2342 634 2390 inquam
654 2351 814 2390 oportere
842 2343 974 2391 recipi,
997 2352 1030 2378 et
1052 2344 1087 2378 in
1109 2359 1185 2379 suas
1208 2345 1308 2379 sedes
1336 2346 1482 2394 reponi,
1504 2360 1544 2380 ac
1571 2346 1678 2380 veluti
1704 2345 1842 2393 propria

167 2404 321 2437 membra
347 2404 483 2452 corpori
512 2404 640 2452 aptari,
663 2412 699 2439 et
727 2406 924 2439 cumomni
944 2405 1078 2453 reliquo
1101 2406 1191 2441 clero
1216 2407 1400 2449 collocari,
1421 2408 1579 2442 secundo
1604 2416 1718 2442 tamen
1747 2406 1841 2441 loco.

166 2472 207 2498 ut
232 2464 402 2499 nimirum
423 2464 528 2500 simul
549 2466 795 2508 observemus,
817 2479 860 2500 an
884 2466 1136 2501 convenienter
1156 2481 1191 2502 se
1215 2476 1342 2514 gerant.
1371 2467 1528 2516 Excepto
1556 2477 1693 2503 tantum
1716 2477 1844 2517 postre-

168 2538 242 2567 mo,
261 2538 321 2559 seu
342 2524 467 2559 ultimo
487 2539 525 2560 ac
549 2526 661 2574 primo
682 2526 831 2560 veritatis
848 2526 1086 2562 inimicissimo
1108 2527 1286 2571 Iohanne,
1304 2529 1363 2577 qui
1382 2543 1575 2578 numquam
1596 2543 1734 2578 prorsus
1758 2529 1843 2564 chri-

170 2585 302 2621 stianus
329 2587 507 2634 apparuit,
529 2601 644 2635 neque
667 2588 702 2621 in
724 2588 818 2623 clero
839 2588 958 2623 locum
978 2589 1120 2632 habuit,
1144 2603 1261 2638 neque
1283 2604 1412 2625 munus
1435 2591 1617 2640 quodlibet
1639 2591 1751 2638 gessit.
1780 2589 1842 2623 His

171 2653 263 2680 recte
287 2654 320 2680 et
340 2647 596 2695 pulcherrime,
618 2648 660 2683 ad
680 2649 782 2683 breve
804 2657 939 2696 tempus
963 2663 981 2683 a
1000 2658 1111 2684 vestra
1132 2651 1284 2685 fraterna
1304 2651 1526 2698 religiositate
1554 2650 1774 2692 constitutis,
1799 2664 1841 2684 cn

169 2705 292 2740 tertius
311 2707 380 2741 iam
401 2721 516 2743 annus
537 2709 671 2757 elapsus
695 2717 764 2752 est,
781 2718 997 2758 quartusque
1020 2710 1201 2758 inceptus;
1217 2726 1334 2760 neque
1355 2713 1398 2747 ab
1416 2727 1455 2747 eo
1475 2713 1588 2747 ullum
1606 2711 1841 2760 paenitentiae

170 2767 345 2810 fructum,
367 2768 435 2804 sive
456 2784 517 2818 per
538 2770 708 2805 humilem
729 2784 948 2813 sermonem,
969 2771 1038 2806 sive
1061 2786 1121 2820 per
1143 2772 1231 2807 vitae
1254 2774 1499 2822 asperitatem,
1523 2782 1581 2808 aut
1610 2771 1841 2806 voluntariam

169 2827 415 2873 solitudinem,
437 2830 670 2878 significatum
695 2832 766 2867 ullo
789 2833 891 2868 modo
918 2833 1142 2880 cognovimus
1165 2842 1231 2869 etc.

1914 400 1946 415 :rv
1965 396 1972 414 s
1982 396 2061 415 »iffa-a·
