2203 3331
310 809 346 828 tir.
364 813 387 834 11.
402 811 422 829 9.

225 991 231 996 “
247 987 292 1008 [oh.
305 987 393 1008 XXXII.
406 991 425 1008 Ξ,

272 1110 279 1114 ‘
294 1112 326 1132 gr.
344 1113 423 1138 περιπ.

451 190 497 222 22
1013 197 1040 220 s.
1068 198 1242 220 memnoni
1269 198 1523 221 amnium-:ricus
1549 198 1572 221 1.

455 262 506 289 est
534 253 574 286 ab
601 250 798 298 apostolicis
828 250 1143 298 praedicationibus
1174 262 1206 287 et
1235 261 1368 301 patruin
1395 253 1617 300 magisteriis,
1641 252 1923 291 inconvertibiles
1950 266 2051 307 atque
2077 257 2128 294 ilia

457 313 618 348 confusas
649 320 791 346 naturas
822 313 1008 356 confitens,
1030 314 1153 348 harum
1174 314 1276 348 etiam
1297 314 1478 362 utriusque
1506 314 1751 362 proprietates,
1772 326 1878 364 prout
1904 331 2061 367 quaeque
2087 334 2123 354 se

455 374 557 408 habet
571 401 579 415 ,
601 372 726 407 diserte
756 372 987 420 proclamavit.
1016 373 1155 408 Frustra
1177 374 1232 408 hic
1255 374 1360 421 igitur
1381 374 1616 409 ecclesiastica
1637 377 1807 419 sententia
1828 392 1861 412 se
1884 379 2045 414 innixum
2064 394 2124 427 pu—

459 434 572 469 tabat:
599 447 680 468 nam
707 442 827 468 contra
856 434 963 482 ipsam
989 435 1106 482 potius
1134 436 1264 469 sentire
1292 435 1369 469 heic
1398 449 1540 484 quoque
1571 436 1808 480 convincitur,
1837 439 2017 486 magistros
2046 454 2125 475 suos

456 494 648 542 Aceplialos
670 508 817 542 sequens
842 495 915 543 (1),
937 509 1088 543 quorum
1109 496 1269 531 nonnulli
1289 504 1428 530 naturas
1448 496 1612 531 videntur
1631 497 1814 533 admittere
1839 500 1887 547 (2)
1902 527 1910 542 ‚
1933 500 2057 535 cuncti
2080 509 2127 535 ta-

457 568 535 589 men
565 555 701 589 illarum
728 555 888 590 funditus
916 556 1140 603 proprietates
1167 557 1208 590 dc
1236 557 1351 591 medio
1381 557 1506 591 tollunt
1536 565 1569 591 et
1596 557 1745 593 abolent.
1772 558 1863 594 Exin
1889 562 2015 596 mentis
2043 575 2127 596 suae

457 615 648 658 flammam,
670 615 847 663 latensque
869 616 907 650 in
929 615 1037 650 animi
1058 617 1291 664 penetralibus
1312 616 1430 652 odium
1451 617 1610 652 adversus
1632 618 1822 665 figurantes
1841 621 2011 669 nobisque
2035 622 2128 657 exhi-

457 676 580 711 bentes
601 676 778 710 servatoris
799 677 911 711 nostri
935 676 1062 711 Clu-isti
1088 677 1278 712 humanam
1298 679 1442 713 sormam
1456 707 1465 721 ,
1488 687 1580 713 extra
1601 679 1757 714 ordinem
1779 681 1994 729 abrupteque
2018 691 2128 717 osten-

458 745 535 771 tans
560 737 783 772 demonstrat.

554 811 565 831 1
576 798 606 832 3.
621 797 684 831 Ait
700 797 811 833 enim:
825 802 871 841 <tl-'³
888 797 1019 831 etiamsi
1033 798 1147 832 omnis
1164 798 1272 844 imago
1285 798 1326 833 de
1340 807 1521 847 prototypo
1535 799 1649 848 aliquo
1665 800 1815 835 derivata
1833 801 2062 849 cognoscitur.
2076 810 2123 849 ff>

462 857 614 894 Cuinam
640 859 724 892 haec
749 858 978 905 comparanda
1002 858 1051 892 rei
1078 859 1183 894 sunt?
1204 859 1272 893 nisi
1300 859 1384 894 illud
1413 860 1606 895 dicendum
1630 869 1699 904 est,
1727 862 1819 910 quod
1843 863 1939 897 velut
1961 877 2065 897 aenea
2091 864 2128 898 fi-

463 919 572 961 stula,
594 918 730 953 incluso
752 932 789 952 ae
812 917 963 952 violento
992 918 1116 965 spiritu
1143 919 1269 953 viscera
1293 919 1469 955 distentus
1490 921 1617 964 suerit,
1638 935 1748 970 aeque
1771 936 1809 957 ae
1832 922 1889 957 ille
1916 923 2040 971 loquax
2061 922 2128 958 Bu-

461 979 547 1014 zites
573 980 591 999 *ἓ
620 992 699 1013 cuin
727 978 769 1012 ad
797 991 963 1024 magnum
984 978 1145 1013 Ausitem
1166 979 1400 1027 increpatoria
1426 981 1529 1015 verba
1549 981 1764 1017 intendebat.
1792 983 1874 1017 Non
1897 984 1991 1017 enim
2012 984 2127 1032 potuit

462 1039 644 1075 Mamonas
664 1038 830 1073 malitiam
850 1038 987 1073 (liutius
1007 1039 1097 1073 intra
1116 1053 1152 1073 se
1173 1039 1291 1075 celare.
1313 1039 1423 1075 Nunc
1445 1054 1550 1089 quem
1570 1042 1630 1076 diu
1652 1043 1864 1090 parturiebat
1883 1044 2046 1079 acerbum
2066 1045 2128 1079 im-

461 1100 600 1148 pietatis
629 1100 789 1134 abortum
813 1099 960 1142 effudit,
982 1108 1015 1134 ct
1036 1113 1140 1147 quam
1162 1108 1262 1134 antea
1282 1101 1346 1134 sub
1367 1101 1599 1136 simulationis
1622 1103 1886 1151 peripetasmate
1910 1106 1928 1125 *²
1948 1105 2062 1140 velare
2083 1106 2127 1140 vi-

461 1160 608 1194 debatur
633 1159 910 1207 improbitatem,
938 1159 1077 1194 deinum
1106 1160 1265 1196 excrevit.
1293 1160 1412 1209 Atque
1441 1161 1513 1204 his,
1537 1163 1693 1210 quamvis
1716 1164 1879 1198 orationis
1903 1165 2040 1212 sequela
2066 1166 2128 1200 mi-

461 1220 557 1255 nime
586 1220 792 1268 postularet,
815 1220 1006 1266 incongrue
1035 1220 1154 1264 dictis,
1178 1221 1259 1256 satis
1288 1221 1442 1256 ostendit
1466 1222 1607 1257 nonnisi
1626 1222 1659 1257 vi
1680 1223 1773 1257 intra
1798 1238 1831 1258 se
1854 1225 2063 1259 continuisse
2089 1240 2128 1260 ea

465 1280 569 1315 etiam
596 1295 683 1329 quae
712 1289 813 1315 antea
840 1280 1037 1317 simulabat.
1064 1281 1109 1316 Et
1136 1281 1279 1330 quidem
1299 1291 1421 1317 venter
1450 1282 1522 1317 eius
1551 1282 1807 1331 dirumpendus
1835 1293 1927 1327 erat,
1947 1285 2013 1318 nisi
2038 1285 2128 1319 hanc

461 1355 581 1376 vocem
602 1341 705 1376 etiam
734 1349 827 1376 extra
848 1341 1007 1376 ordinem
1034 1343 1315 1391 exprompsisset,
1339 1351 1502 1392 extraque
1529 1343 1744 1378 harmoniam
1766 1352 1798 1379 et
1820 1343 1978 1392 dispositi
2005 1358 2130 1379 sermo-

462 1403 516 1437 nis
538 1403 670 1439 seriem.
699 1401 802 1437 Brevi
831 1402 926 1437 enim
953 1403 989 1437 in
1013 1417 1115 1437 scena
1143 1403 1300 1447 iocatus,
1322 1413 1355 1439 et
1382 1404 1456 1439 eius
1484 1404 1578 1454 quod
1602 1405 1723 1452 agebat
1742 1404 1905 1440 dramatis
1925 1414 2128 1453 consumpto

463 1464 557 1506 risu,
579 1463 620 1498 ad
648 1477 752 1498 suum
780 1477 897 1498 rursus
926 1463 1108 1510 ingenium
1135 1478 1170 1498 se.
1198 1464 1338 1512 recepit.

558 1526 611 1570 14.
639 1524 896 1571 Famigeratum
925 1525 1023 1559 illum
1049 1534 1146 1559 vetus
1181 1525 1438 1573 inytliograpliia
1467 1540 1610 1561 corvum
1636 1534 1749 1561 narrat
1779 1526 1898 1561 alienis
1925 1527 2051 1574 pennis
2077 1541 2129 1561 or-

464 1593 586 1619 natum
616 1584 796 1632 aquuando
822 1593 925 1633 atque
956 1585 1179 1632 gloriantem,
1202 1587 1239 1620 in
1265 1600 1369 1635 quem
1395 1594 1514 1621 aereus
1544 1587 1674 1635 spirans
1700 1595 1825 1622 ventus
1848 1587 2128 1621 commenticiam

465 1645 627 1693 dispersit
654 1645 926 1689 formositatem,
955 1659 1097 1694 remque
1127 1646 1277 1681 alienam
1305 1647 1387 1681 fecit
1419 1647 1614 1693 evanida1113
1642 1662 1681 1682 ex
1710 1661 1779 1695 quo
1810 1647 1901 1682 illius
1929 1647 2128 1682 deformitas

466 1704 592 1740 deinde
613 1705 778 1753 apparuit.
807 1705 928 1740 Simile
950 1706 1035 1754 quid
1056 1706 1241 1742 blamonas
1263 1707 1364 1742 etiam
1391 1722 1512 1755 passus
1533 1707 1618 1742 mihi
1644 1707 1790 1744 videtur.
1818 1707 2009 1755 Postquam
2036 1707 2129 1742 enim

465 1766 584 1800 alienis
612 1766 784 1814 paulisper
811 1781 846 1801 se
872 1767 1066 1802 venustavit
1092 1768 1185 1803 velut
1210 1777 1325 1803 rectae
1352 1768 1432 1802 fidei
1456 1768 1684 1811 dictionibus,
1711 1769 1812 1803 flante
1841 1782 1919 1802 mox
1942 1768 2129 1802 adversaria

464 1827 518 1870 vi,
544 1841 616 1862 non
645 1827 706 1862 diu
734 1836 812 1875 post
841 1829 1030 1864 sententiae
1059 1843 1139 1864 suae
1168 1829 1423 1878 turpitudinem
1452 1831 1655 1877 patefactam
1684 1829 1851 1864 exhibuit.
1878 1829 2008 1863 Nonne
2038 1829 2130 1862 enim

466 1889 628 1924 omnibus
648 1896 762 1936 patet,
785 1889 826 1923 ab
849 1903 887 1924 eo
911 1888 1045 1924 Christi
1073 1890 1214 1937 gloriam
1242 1890 1456 1939 oppugnari,
1477 1890 1563 1925 dum
1591 1891 1745 1924 minatur
1765 1903 1804 1924 ac
1825 1889 1943 1924 fremit
1969 1889 2129 1924 adversus

465 1949 577 1984 Verbi
598 1949 902 1986 incarnationem?
924 1951 1207 1999 quandoquidem
1236 1951 1393 1985 nondum
1418 1950 1555 1998 incepto
1577 1951 1618 1984 de
1640 1950 1846 1997 imaginibus
1872 1964 2048 1991 sermone,
2070 1964 2130 1997 per
2155 1969 2158 1971 >

468 2024 505 2045 ea
526 2025 613 2058 quac
643 2011 680 2045 in
702 2011 861 2046 medium
880 2012 985 2046 verba
1005 2011 1103 2054 iecit,
1126 2020 1206 2046 ante
1235 2012 1336 2046 etiam
1359 2011 1567 2059 praeclaram
1592 2011 1683 2045 illam
1708 2010 1874 2045 orationis
1898 2018 2129 2051 structuram,

466 2080 675 2106 sententiam
695 2085 791 2106 suam
819 2072 948 2108 innuit.
978 2071 1112 2120 Quippe
1134 2072 1211 2107 heic
1233 2072 1493 2107 animadvertite
1515 2085 1702 2120 quamnam
1725 2085 1847 2106 sensus
1872 2070 2131 2105 cohaerentiam

469 2146 550 2167 cum
570 2133 859 2180 praecedentibus
880 2134 964 2168 haec
988 2134 1088 2168 verba
1108 2133 1299 2169 retineant:
1321 2147 1402 2167 nam
1423 2133 1466 2167 dc
1487 2133 1621 2167 naturis
1645 2141 1746 2167 antea
1766 2132 2013 2180 hypostasique
2037 2131 2132 2166 locu-

468 2201 544 2236 tus,
566 2207 643 2228 mox
664 2194 803 2242 propria
825 2194 969 2228 audacia
990 2194 1161 2242 animique
1184 2194 1316 2242 impetu
1338 2194 1527 2228 instinctus
1541 2222 1548 2236 ,
1570 2194 1611 2228 ad
1635 2194 1797 2240 imagines
1823 2193 2016 2227 inordinate
2042 2200 2131 2226 tran-

469 2253 536 2288 silit
560 2263 591 2288 et
612 2263 814 2303 prototypa:
835 2255 881 2289 ita
909 2263 949 2290 ut
969 2263 1082 2303 aperte
1111 2255 1345 2297 demonstret,
1368 2263 1481 2289 totum
1507 2255 1548 2289 ab
1576 2268 1615 2289 eo
1639 2262 1850 2289 commotum
1876 2266 2092 2294 sermonem,
2114 2266 2132 2286 a

469 2326 602 2348 summo
623 2315 664 2348 ad
686 2315 815 2358 imum,
839 2329 910 2350 una
934 2329 1016 2350 cum
1044 2315 1145 2350 sacris
1167 2315 1245 2349 fidei
1266 2323 1403 2349 nostrae
1432 2315 1592 2363 symbolis
1614 2315 1793 2349 universae
1821 2313 1996 2348 servatoris
2022 2312 2132 2347 nostri

472 2373 604 2409 Christi
626 2376 848 2411 oeconomiae
872 2376 1118 2411 contumeliam
1143 2377 1255 2411 facere
1270 2405 1277 2419 ,
1300 2376 1403 2411 immo
1427 2377 1468 2410 ad
1494 2376 1601 2424 ipsius
1625 2374 1753 2410 Christi
1781 2374 2026 2410 exterminium
2053 2387 2133 2409 con-

469 2435 622 2470 tendere.
652 2435 768 2470 Semel
788 2437 899 2485 itaque
920 2436 1136 2485 propositum
1162 2437 1226 2471 hoc
1256 2436 1429 2484 ingressus
1443 2466 1451 2479 ,
1472 2445 1597 2485 perstat
1618 2437 1804 2484 deinceps,
1828 2444 1861 2470 et
1885 2435 2055 2469 violenter
2076 2434 2132 2468 ad-

469 2495 612 2529 modum
633 2509 672 2529 ac
694 2497 912 2532 truculenter
933 2498 1101 2532 sermonis
1123 2499 1176 2532 sui
1202 2498 1494 2546 compositionem
1519 2497 1730 2546 exsequitur.
1758 2496 1922 2531 Generali
1942 2503 2058 2530 autem
2077 2494 2133 2529 de-

470 2555 627 2590 finitione
652 2557 782 2599 utitur,
805 2567 845 2593 ut
866 2572 977 2607 quum
997 2559 1039 2593 de
1062 2558 1208 2606 imagine
1231 2559 1383 2607 qualibet
1403 2559 1505 2593 verba
1526 2559 1635 2593 facere
1656 2557 1834 2599 videatur,
1857 2556 1972 2591 multis
1992 2569 2066 2590 non
2087 2555 2132 2590 sit

471 2625 670 2664 suspectus,
691 2631 803 2665 neque
826 2619 940 2654 secius
963 2628 1078 2654 tamen
1099 2620 1142 2655 de
1164 2634 1200 2654 re
1221 2620 1277 2655 illa
1299 2620 1410 2662 dicat,
1431 2632 1535 2668 quam
1554 2618 1618 2653 sihi
1640 2617 1852 2653 tractandam
1876 2617 2068 2666 proposuit.

552 2736 586 2765 (1)
606 2733 757 2768 Acephalos
783 2736 985 2771 monophysitas
1012 2746 1087 2773 syros
1107 2746 1121 2765 a
1141 2739 1312 2773 Copronymo
1330 2737 1490 2774 Byzantium
1515 2736 1660 2763 translatos
1679 2736 1774 2771 quinto
1793 2736 1833 2763 sui
1854 2736 1929 2771 regni
1952 2744 2024 2763 anno
2042 2739 2134 2762 narrat

472 2777 499 2803 iu
519 2776 647 2804 chronico
665 2777 852 2812 Theophanes.

552 2824 587 2853 (2)
606 2822 645 2848 De
665 2821 844 2848 inconstantia
864 2823 993 2858 loquendi
1008 2826 1210 2859 Avephalorum
1226 2825 1477 2862 monophysitarum
1497 2825 1566 2851 circa
1582 2824 1680 2852 Christi
1696 2829 1821 2857 naturas,
1838 2824 1884 2851 diu
1900 2823 2058 2852 Eustathius
2076 2830 2131 2849 mo-

474 2864 577 2892 nachus
596 2873 611 2892 a
630 2872 673 2892 me
691 2865 781 2893 editus
799 2866 896 2901 Seript.
916 2872 967 2894 vet.
987 2869 1017 2894 T.
1039 2869 1098 2894 Vll.
