2203 3331
110 248 117 256 ⁹
136 245 186 265 tm,
203 244 280 264 ΧΧΧῘΔ
301 247 316 263 Ι.

111 602 313 623 'th-utxkt‘112.

111 1149 116 1157 ⁵
140 1147 208 1167 t-Lxmt,
231 1147 308 1166 xxttt.

108 1173 308 1194 5:2.t)··u1.ttn.·.‘,

170 1454 208 1474 m.
223 1460 244 1479 Ji.
262 1456 305 1472 ΙΝ.

148 1519 156 1525 '
177 1517 217 1536 10³.
234 1515 270 1536 lxi
287 1518 305 1534 “ι.

100 1760 107 1804 I
123 1756 185 1777 Emd
205 1757 220 1776 X
227 1756 303 1777 XMV.

92 2244 101 2252 ’
118 2241 187 2261 flunt.
203 2242 249 2262 XX.
265 2244 298 2261 23.

117 2305 126 2312 ¹
147 2303 173 2323 ls.
191 2304 250 2324 XEX.
267 2307 297 2324 1).

360 168 422 200 116
900 175 929 200 s-
955 175 1126 201 Nicrrnoiu
1153 177 1408 202 ANTtmuIEtht‘S
1435 178 1485 202 ιιι.

354 231 592 274 offerendum,
617 230 649 265 id
672 244 772 265 omne
795 231 994 279 imperatur.
1019 233 1080 268 Sic
1103 234 1198 268 enim
1220 235 1255 268 in
1277 233 1414 268 levitico
1437 233 1604 281 seriptum
1627 242 1677 268 est
1698 235 1733 270 ³⁸:
1755 240 1778 255 ‘⁶
1803 248 1874 270 non
1896 236 2033 272 facietis

357 322 378 336 ,‚
408 293 500 328 vobis
524 292 748 335 manufacta,
772 306 886 341 neque
912 294 1108 342 sculptilia,
1131 309 1243 343 neque
1268 295 1411 329 titulum
1437 294 1575 340 erigetis
1590 323 1598 337 ,
1621 308 1737 342 neque
1762 295 1934 344 lapideam
1957 311 2031 345 spe-

356 383 378 390 ..
409 354 521 389 culam
542 352 702 387 statuetis
729 353 762 386 in
785 353 927 400 regione
952 364 1082 397 vestra,
1108 364 1147 390 ut
1173 369 1211 390 ea
1233 354 1394 390 adoretis.
1424 354 1496 401 ligo
1522 355 1614 389 enim
1640 368 1719 389 sum
1739 355 1905 391 dominus
1931 356 2030 393 Deus

356 443 377 457 ,,
406 423 525 448 vester.
551 441 573 456 „
596 412 691 447 Haec
713 422 849 457 autem,
873 415 959 463 quin
983 416 1051 449 sint
1074 416 1264 450 conformia
1286 416 1399 450 verbis
1422 415 1506 457 illis,
1529 429 1600 449 non
1623 415 1726 450 facies
1754 416 1865 451 ullum
1887 417 2028 452 simula-

354 488 453 509 crum
471 488 587 509 rerum
607 474 670 508 tibi
687 475 890 518 ventarum,
908 490 993 523 quae
1014 476 1050 510 in
1070 477 1220 511 recitatis
1239 485 1333 511 retro
1354 476 1485 523 legibus
1503 476 1594 510 dicta
1611 484 1709 518 sunt,
1727 476 1857 524 quibus
1877 478 2030 514 deterre-

352 537 453 570 batur
475 535 654 569 institutus
678 536 812 570 noviter
836 536 877 570 ad
903 536 1065 584 pietatem
1090 537 1260 584 populus,
1284 537 1363 585 quis
1387 537 1431 571 ita
1454 537 1557 571 bebes
1584 545 1633 571 est
1657 545 1696 571 ut
1716 536 1876 572 dubitare
1898 541 2026 587 queat?

455 596 497 630 ln
515 595 785 631 deuteronomio
805 605 941 639 autem,
961 597 1004 631 de
1027 598 1134 632 rebus
1155 597 1234 632 Deo
1253 597 1498 633 consecrandis
1520 598 1604 631 haec
1626 596 1843 632 mandantur
1858 599 1885 632 *ἦ
1904 605 1926 620 “
1947 599 2025 646 Qua

354 686 376 700 „
405 657 459 691 die
484 665 577 691 trans
606 656 793 691 Iordanem
820 657 856 691 iu
886 657 1065 703 regionem
1093 658 1279 701 veneritis,
1305 672 1410 706 quam
1438 657 1601 692 dominus
1626 657 1726 692 Deus
1754 657 1814 692 tihi
1839 659 2024 702 coneedit,

354 746 376 761 „
406 727 539 753 statues
565 717 611 752 ibi
636 717 724 752 duos
753 717 878 765 lapides
907 718 1075 764 grandes,
1097 732 1222 766 eosque
1250 719 1450 762 dealbabis,
1472 719 1668 767 scribesque
1697 732 1803 766 super
1827 718 1879 753 his
1906 719 2026 767 lapidi-

353 808 375 822 „
402 780 468 814 bus
491 779 593 813 verba
617 779 732 813 onmia
762 778 845 826 legis
873 778 986 814 huius.
1012 806 1034 821 „
1060 777 1198 813 Deinde
1227 779 1329 827 paulo
1358 788 1444 827 post.
1467 786 1490 800 “
1515 779 1560 814 Εἰ
1587 778 1818 813 aedificabitis
1847 779 1894 813 ibi
1921 780 2024 815 altare

352 869 373 883 „
402 840 586 888 lapidibus.
611 839 693 874 Non
717 847 834 885 tanges
861 853 916 873 eos
937 840 1049 881 ferro,
1071 839 1246 887 lapidibus
1267 840 1410 887 integris
1431 840 1629 875 aedificabis
1652 840 1757 874 altare
1780 840 1925 875 domiuo
1946 840 2023 876 Deo

403 909 481 943 tuo,
508 900 725 948 elevabisque
756 900 837 934 illuc
862 899 1061 934 holocausta
1084 900 1224 935 domino
1248 899 1325 935 Deo
1354 909 1438 943 tuo,
1463 910 1495 935 et
1520 901 1562 936 ad
1588 901 1690 935 altare
1720 900 1855 935 domini
1878 900 1948 936 Dei
1973 903 2022 937 tui

351 930 373 944 >3

351 991 372 1005 „
402 962 619 997 sacrificabis.
644 988 666 1003 „
689 961 733 995 Εἰ
758 961 869 995 adbuc
892 968 1026 1008 postea:
1048 967 1070 981 ‘⁵
1096 961 1338 1010 inscribesque
1358 962 1532 1009 lapidibus
1555 962 1626 996 istis
1648 962 1847 996 universam
1867 962 1958 997 hanc
1980 962 2024 997 lc-

349 1051 372 1065 „
401 1036 478 1069 gem
502 1021 746 1070 patentissime.
775 1048 797 1063 „
823 1020 918 1055 Haec
946 1020 1092 1068 perinde
1121 1034 1216 1064 esse,
1240 1030 1344 1070 atque
1372 1021 1460 1056 illud
1490 1022 1594 1057 facies
1623 1022 1892 1057 tabernaculum
1918 1031 1951 1057 et
1978 1031 2024 1057 ta-

345 1083 525 1118 bernaculi
552 1081 824 1130 supellectilem,
849 1081 1026 1115 neminem
1053 1082 1209 1116 sobrium
1237 1082 1544 1117 contradicturum
1571 1083 1728 1118 arbitror.
1756 1082 1854 1116 Alibi
1878 1097 2020 1131 quoque

346 1144 388 1179 (le
416 1144 519 1178 rebus
548 1142 772 1177 ethnicorum
794 1141 983 1189 religiosis,
1005 1142 1053 1176 ita
1080 1156 1199 1177 rursus
1223 1143 1458 1178 constitutum
1485 1143 1553 1178 fuit
1580 1144 1617 1179 *ἦ
1639 1150 1662 1164 “
1687 1157 1766 1178 cave
1788 1158 1831 1178 ne
1855 1157 2022 1191 umquam

348 1233 371 1247 „
399 1203 523 1238 foedus
548 1203 642 1237 ineas
669 1215 750 1236 eum
775 1202 849 1236 eius
873 1202 1023 1249 regionis
1051 1201 1198 1245 incolis,
1224 1202 1267 1237 ad
1293 1216 1398 1251 quam
1423 1211 1462 1237 tu
1487 1202 1715 1249 ingredieris,
1741 1217 1784 1237 ne
1813 1203 2021 1238 scandalum

347 1293 370 1307 „
398 1264 458 1298 tibi
483 1264 577 1298 fiant.
603 1262 692 1297 Aras
719 1276 842 1297 eorum
868 1263 1049 1306 evertetis,
1072 1263 1190 1311 cippos
1216 1277 1342 1298 eorum
1368 1263 1578 1306 conteretis,
1601 1263 1696 1298 lucos
1720 1276 1843 1298 eorum
1864 1263 2022 1298 succide-

396 1325 457 1367 tis,
481 1333 513 1359 et
534 1324 681 1358 deorum
703 1323 946 1369 indigenarum
967 1323 1138 1371 sculptilia
1160 1324 1240 1370 igue
1264 1323 1487 1359 comburetis.
1506 1324 1587 1359 Non
1611 1324 1703 1358 euim
1722 1323 1796 1359 Deo
1818 1323 1928 1358 alieno
1951 1338 2020 1358 ser-

346 1354 368 1368 37

346 1414 369 1428 „
396 1384 507 1420 vietis.
533 1413 556 1427 „
580 1383 690 1432 Atqui
713 1392 793 1431 post
817 1384 900 1419 haec
924 1384 1035 1427 iussa,
1058 1384 1288 1419 nibilominus
1314 1384 1415 1420 Iosue
1442 1384 1529 1419 Navi
1554 1385 1644 1419 filius
1668 1398 1767 1432 pares
1792 1398 1940 1418 numero
1963 1384 2020 1418 tri-

342 1447 453 1481 buum
474 1444 635 1479 Israhelis
658 1444 806 1492 lapides,
830 1452 904 1492 post
926 1444 1083 1479 Iordanis
1105 1445 1421 1488 transmissionem,
1443 1444 1512 1480 Dei
1534 1454 1622 1480 nutu
1648 1445 1722 1479 tolli
1746 1459 1764 1479 a
1790 1444 1940 1491 singulis
1962 1445 2019 1479 tri-

342 1507 454 1541 bubus
479 1504 675 1553 imperavit,
700 1504 792 1539 baud
818 1505 986 1551 ignobiles
1017 1519 1133 1554 neque
1164 1505 1464 1548 contemnendos,
1488 1506 1548 1540 sed
1577 1505 1730 1552 insignes
1754 1506 1888 1540 futuros
1917 1513 2017 1553 atque

344 1567 551 1615 conspicuos
576 1567 614 1612 *3
637 1575 677 1600 ut
700 1566 769 1600 sint
790 1566 883 1601 vobis
898 1595 905 1608 ,
928 1566 1063 1614 inquit,
1085 1567 1163 1602 loco
1185 1567 1274 1613 signi
1297 1567 1422 1615 positi,
1444 1567 1641 1615 nunciique
1665 1566 1734 1601 sint
1758 1566 1905 1614 posteris
1928 1574 2019 1600 aeta-

344 1628 460 1670 thus,
482 1626 721 1675 prodigiorum
745 1627 812 1661 hoc
838 1626 915 1661 loco
943 1626 1109 1661 divinitus
1133 1627 1237 1662 vestri
1267 1642 1368 1662 eausa
1397 1627 1571 1663 editorum
1600 1626 1878 1674 magnitudinem
1903 1626 2018 1660 notifi-

342 1696 479 1730 cantes,
501 1701 692 1735 eorumque
721 1687 918 1721 memoriam
948 1701 1008 1734 per
1037 1688 1171 1722 saecula
1201 1697 1450 1724 conservantes.
1481 1687 1551 1723 Sed
1575 1696 1608 1722 et
1634 1688 1698 1735 ipsi
1719 1687 1837 1734 ,Moysi
1864 1686 2016 1734 lapideas

342 1749 472 1784 tabulas
494 1748 622 1796 polire,
642 1748 749 1795 legem
771 1747 915 1783 Domini
937 1758 1154 1796 recepturas,
1174 1750 1378 1784 mandatum
1399 1750 1465 1784 suit
1486 1751 1521 1795 ’ἢ
1541 1764 1629 1797 quae
1650 1757 1863 1797 quantopere
1886 1747 2017 1782 fuerint

338 1809 575 1851 honorabiles,
594 1817 790 1857 quantaque
813 1809 917 1856 gloria
940 1818 1140 1852 exornatae,
1160 1810 1245 1858 quid
1268 1824 1355 1858 opus
1378 1818 1427 1844 est
1449 1810 1592 1845 dicere?
1614 1808 1697 1854 Quo
1719 1809 1819 1843 etiam
1842 1807 2015 1842 Dominus

338 1869 558 1904 descendisse
588 1869 742 1911 dieitur,
773 1877 968 1917 utcumque
999 1870 1141 1904 demum
1171 1870 1400 1917 intelligenda
1430 1879 1477 1904 est
1507 1869 1651 1904 Domini
1681 1868 1875 1903 descensio.
1907 1866 2012 1901 Unde

339 1930 442 1964 etiam
463 1929 597 1977 Moysis
624 1930 859 1964 illustrabatur
884 1930 1010 1972 facies,
1032 1930 1116 1965 adeo
1142 1939 1179 1965 ut
1202 1945 1245 1965 ne
1270 1931 1406 1966 adibilis
1429 1930 1572 1979 quidem
1596 1930 1666 1964 iam
1691 1928 1930 1977 spectantibus
1956 1929 2013 1962 lie-

336 1999 397 2025 ret.
425 1990 559 2039 Nempe
582 1991 629 2024 ibi
654 1990 780 2025 excudi
803 2004 888 2038 opus
911 1999 981 2025 erat
1007 2005 1094 2039 quae
1120 1991 1156 2025 in
1182 1992 1359 2039 prioribus
1386 1992 1507 2026 tabulis
1531 1992 1655 2039 scripta
1680 1991 1840 2031 fuerant,
1862 1989 2012 2037 qualiter

337 2066 393 2086 eae
419 2051 602 2086 extiterant
629 2065 714 2099 quas
740 2051 775 2085 in
800 2060 920 2086 monte
945 2051 1075 2098 digitus
1101 2051 1167 2086 Dei
1193 2053 1394 2100 scripseratg
1419 2065 1568 2101 quarum
1596 2051 1879 2099 excipiendarum
1902 2063 2010 2098 quum

336 2120 556 2159 peecatorem
576 2112 743 2160 populum
764 2112 951 2159 indIgnum
973 2111 1159 2147 iudicasset
1182 2113 1372 2160 legislator,
1396 2114 1554 2147 manibus
1577 2113 1725 2147 abiectas
1755 2111 1822 2145 iam
1846 2111 2012 2145 contrive-

336 2181 396 2207 rat.
426 2172 572 2220 Insuper
600 2181 634 2207 et
655 2173 759 2207 altare
783 2187 823 2207 ex
847 2173 939 2219 gleba
963 2188 1001 2208 ac
1030 2173 1203 2222 lapidibus
1232 2174 1375 2209 minime
1402 2174 1583 2209 elaboratis
1606 2173 1681 2208 Deo
1703 2172 1845 2207 excitari
1873 2171 2012 2206 manda-

338 2241 410 2266 tum
435 2234 501 2267 fuit
528 2235 565 2276 *Q
590 2233 625 2267 in
651 2248 720 2282 quo
745 2235 862 2268 offerri
890 2235 1090 2269 holocausta
1112 2235 1166 2269 lex
1188 2236 1338 2272 iubebat,
1368 2235 1464 2281 Quid
1493 2249 1593 2283 porro
1622 2248 1768 2281 magnus
1791 2233 1895 2267 lsaias
1924 2232 2009 2266 elata

335 2307 440 2336 voce,
463 2293 599 2341 Spiritu
629 2295 815 2329 instinctus
830 2324 837 2337 ,
862 2295 1028 2330 clamabat
1048 2297 1089 2331 ἐξ.)
1111 2304 1133 2317 “
1157 2297 1212 2331 die
1241 2297 1294 2331 illa
1325 2297 1389 2331 erit
1411 2297 1515 2331 altare
1538 2296 1693 2331 Domino
1713 2296 1750 2330 in
1779 2294 1920 2341 regione
1945 2293 2011 2328 Ae-

337 2382 360 2398 „
389 2354 610 2402 gyptiorum,
637 2364 670 2389 et
696 2356 818 2391 titulus
842 2357 935 2391 iuxta
960 2358 1152 2392 terminum
1178 2359 1251 2392 eius
1279 2360 1328 2406 (1)
1355 2357 1519 2394 Domino.
1549 2386 1571 2401 „

437 2413 508 2449 Sed
533 2415 602 2449 buc.
626 2425 806 2463 provectos
830 2418 1051 2453 considerare
1078 2433 1139 2453 nos
1160 2427 1313 2466 oportet,
1336 2419 1421 2467 quid
1445 2420 1530 2454 baec
1552 2418 1652 2453 nobis
1674 2417 1888 2464 significent.
1911 2414 2008 2450 Dici-

333 2488 407 2509 mus
431 2489 509 2521 ergo
523 2504 530 2517 ,
554 2475 627 2510 eius
647 2477 698 2510 rei
725 2491 861 2512 eausam
883 2479 990 2513 fuisse
1005 2508 1013 2521 ,
1034 2480 1129 2527 quod
1150 2494 1233 2527 prae
1256 2480 1420 2515 omnibus
1442 2480 1519 2514 salsi
1542 2479 1656 2514 cultus
1677 2477 1820 2512 adseclis
1844 2476 2006 2524 Aegyptii

330 2535 547 2583 potissimum
567 2550 584 2570 a
606 2550 681 2570 vera
705 2537 868 2584 religione
892 2540 1116 2583 aberrabant,
1137 2549 1171 2575 et
1194 2541 1411 2588 impurorum
1432 2540 1641 2574 daemonum
1666 2537 1787 2574 famuli
1814 2545 1933 2580 erant,
1953 2551 2007 2571 re-

329 2609 409 2630 rum
436 2604 555 2643 suapte
580 2605 701 2631 natura
730 2596 848 2632 Deum
876 2599 1083 2645 ignorantes.
1113 2599 1258 2635 Etenim
1286 2601 1472 2635 bominum
1499 2601 1645 2641 formas,
1669 2607 1702 2633 et
1729 2598 1873 2646 quidem
1900 2597 2005 2632 etiam

329 2655 582 2691 irrationalium
603 2657 793 2692 bestiarum
812 2659 917 2693 varias
938 2661 1183 2708 proponebant
1202 2662 1349 2708 figuras,
1371 2675 1497 2709 easque
1518 2661 1624 2694 instar
1643 2659 1789 2694 deorum
1807 2659 1905 2693 stulti
1927 2659 2006 2694 ado-

407 2758 441 2785 (tt.
462 2757 520 2782 1100
539 2756 653 2790 explieat
672 2756 790 2791 Cri-illus
810 2757 836 2783 in
858 2766 955 2784 coium.
977 2759 1010 2785 ad
1033 2761 1066 2786 ts.
1084 2768 1148 2795 opp.
1169 2761 1199 2786 T.
1218 2761 1253 2786 lt.
1276 2769 1301 2795 p.
1320 2764 1385 2792 281,
1406 2768 1504 2794 nempe
1523 2760 1594 2794 quod
1614 2760 1730 2795 Aegypti
1749 2759 1888 2785 conversio
1907 2758 1940 2785 ad
1959 2766 2003 2784 re·
2019 2767 2024 2772 ·

327 2807 384 2824 runi
406 2800 492 2826 Deum
513 2800 629 2835 eoeperit
648 2801 718 2827 eirca
738 2801 831 2827 urbem
852 2802 1086 2835 ttbinocoturani,
1109 2812 1178 2838 quae
1203 2809 1259 2831 erat
1280 2805 1307 2831 in
1328 2805 1384 2832 eius
1405 2805 1481 2839 regni
1501 2804 1618 2837 tinibus,
1640 2804 1667 2830 id
1690 2808 1731 2830 est
1752 2804 1917 2830 Palaestinae
1941 2811 2009 2830 cou—

329 2843 451 2869 termina.
