2203 3331
617 207 782 232 anveasrs
809 205 1057 231 cossi-,txrixmt
1082 205 1319 229 cornomuit-M.
1756 193 1822 228 137

114 265 220 303 xiinis
247 263 492 314 voluptatibus
519 262 715 299 Mamonae
743 262 849 298 fuisse
878 274 1065 303 concessa,
1094 260 1329 308 eumdemque
1359 259 1533 295 felicitatis
1563 258 1707 295 eulmen
1736 259 1823 294 adti-
1860 270 1897 291 σι’,
1916 277 1938 297 μ.
1958 274 2001 290 ι.;-.·.

117 328 215 374 gisse.
245 325 319 361 Sed
348 333 382 360 et
408 324 572 360 victorias
594 323 638 358 de
658 323 814 358 barbaris
835 330 868 357 et
891 320 1030 369 egregia
1058 319 1210 368 plurima
1237 320 1392 354 facinora
1421 320 1452 354 ei
1479 320 1712 363 adscribunt,
1734 334 1823 368 quae

118 388 253 423 sobrios
282 386 448 421 homines
477 399 523 420 ne
552 384 674 420 audire
703 384 849 433 quidem
876 395 1030 431 aequum
1053 389 1114 416 est.
1144 379 1217 415 Sed
1240 393 1286 414 ne
1312 381 1403 415 sorte
1429 380 1607 428 aliquibus
1637 380 1826 429 simplicio-

119 449 220 483 ribus
248 446 522 495 rndioribusque
545 460 583 481 ea
605 444 787 480 mendacia
810 443 925 478 fraudi
949 442 1041 484 sint,
1065 440 1287 488 coarguenda
1312 440 1451 487 singula
1473 455 1491 475 a
1514 440 1613 475 nobis
1639 449 1764 484 erunt,
1787 449 1827 476 ut

121 517 339 557 quantopere
369 508 467 543 stulti
495 522 529 542 se
559 507 652 555 ipsos
681 505 845 541 inanibus
873 503 926 538 his
954 502 1179 538 sermonibus
1200 501 1455 544 ludificentur,
1476 502 1685 549 intelligant.
1713 501 1828 549 Igitur

123 578 253 605 cuncta
282 569 376 604 illius
404 581 575 617 perquam
602 566 717 614 turpia
739 565 849 600 fuisse
864 592 872 607 ,
895 577 1049 612 eumque
1070 562 1170 606 Deo,
1192 562 1324 610 angelis
1338 591 1346 604 ,
1368 576 1406 596 ac
1430 562 1599 609 religiosis
1624 563 1826 597 hominibus

124 629 373 665 exsecrabilem
395 628 549 664 extitisse
563 655 571 670 ,
593 626 740 662 minime
763 633 815 660 est
835 625 1037 660 obscurum.
1065 623 1160 659 Nam
1180 636 1294 671 quum
1316 622 1355 656 in
1378 621 1477 657 omni
1499 636 1532 657 se
1554 622 1748 658 libidinum
1774 637 1828 670 ge-

125 704 209 725 nere
238 690 342 725 miser
368 690 428 725 hic
455 688 648 730 volutaret,
669 687 781 734 iisque
810 699 938 734 corpus
966 697 1071 720 suum
1098 692 1132 719 et
1159 684 1312 719 animam
1342 691 1616 731 conspurcaret,
1639 696 1728 731 quae
1753 683 1828 718 bar-

125 751 220 786 baris
241 764 382 799 quoque
405 757 438 784 et
460 747 613 784 ethnicis
634 747 741 782 vetita
762 754 868 789 sunt,
888 746 994 793 longe
1016 745 1174 794 pecudes
1201 745 1290 792 ipsas
1310 743 1473 779 foeditate
1496 743 1681 791 superavit.
1708 742 1827 791 Atque

125 812 210 847 haec
238 825 311 846 non
339 809 445 858 pauci
472 809 536 858 qui
565 808 596 843 ei
623 807 827 843 administri
854 808 1000 842 suerunt
1029 814 1063 841 et
1089 805 1210 841 adhuc
1237 805 1382 847 vivunt,
1404 804 1524 839 testari
1548 812 1740 853 poterunt3
1762 817 1827 838 nec

126 885 199 906 non
221 880 256 906 et
277 871 368 906 varia
391 869 549 918 corporis
571 867 797 904 incommoda
818 868 953 916 quibus
975 866 1070 902 idem
1090 866 1156 901 fuit
1178 865 1364 901 obnoxius.
1389 863 1583 899 Doloribus
1604 864 1699 898 enim
1719 871 1827 912 atque

128 932 364 973 cruciatibus,
385 930 449 979 qui
473 928 641 978 explicari
661 929 814 964 dicendo
835 937 1021 978 nequeunt
1043 927 1329 969 excarnificatus,
1353 925 1555 962 cuiusmodi
1576 925 1733 960 ulcerosa
1755 938 1829 959 cor·

125 1005 211 1040 pora
232 991 369 1040 perpeti
392 999 675 1026 consentaneum
697 998 767 1033 est,
790 989 877 1024 male
905 1002 1184 1037 aernmnoseque
1206 996 1281 1022 erat
1303 988 1460 1022 affectus.
1488 986 1633 1021 'Etenim
1654 985 1830 1020 nonnulla

127 1053 284 1088 membra
313 1052 492 1088 ulceribus
519 1051 623 1086 adesa
645 1060 769 1095 erant,
792 1050 1046 1086 diffluentibus
1073 1049 1233 1085 carnium
1259 1051 1278 1069 *ἶ
1304 1049 1471 1097 partibus.
1502 1047 1573 1083 Sed
1601 1056 1637 1082 et
1659 1055 1830 1096 perpetuo

127 1113 229 1147 furiis
249 1113 454 1161 perterritus
469 1140 477 1155 ,
500 1112 645 1147 moleste
667 1120 889 1147 nocturnum
910 1119 1050 1159 tempus
1070 1110 1272 1158 misereque
1294 1108 1505 1144 traducebat
1519 1136 1527 1151 ,
1550 1107 1743 1142 deliberata
1763 1108 1832 1142 sor-

128 1185 216 1211 tasse
242 1175 386 1211 consilia
410 1175 596 1210 demorans
610 1204 618 1218 ,
640 1175 727 1210 dum
751 1175 783 1209 ei
802 1182 926 1209 vexata
945 1174 1066 1221 religio
1088 1188 1129 1208 ex
1153 1173 1293 1208 adverso
1315 1172 1534 1207 consisteret.
1559 1170 1697 1206 Omitto
1717 1170 1832 1205 victus

129 1237 380 1272 insuavitatem
401 1250 441 1271 ac
464 1236 747 1285 turpitudinem:
767 1235 939 1284 quicquid
968 1235 1064 1270 enim
1093 1235 1163 1269 cibi
1193 1248 1256 1282 per
1284 1235 1406 1269 fauces
1428 1233 1631 1275 traiecerat,
1653 1231 1689 1266 id
1718 1231 1833 1266 statim

129 1297 321 1332 vomitibus
346 1297 572 1332 excernebat.
601 1296 765 1344 Namque
796 1296 891 1331 illam
918 1296 958 1330 in
986 1295 1134 1330 famulos
1163 1295 1343 1330 saevitiam
1372 1308 1410 1328 ac
1440 1293 1637 1335 feritatem,
1658 1300 1763 1340 atque
1792 1292 1831 1326 in

131 1357 312 1404 exigendis
335 1357 512 1406 obsequiis
533 1358 782 1399 acerbitatem,
805 1369 983 1405 quaenam
1010 1369 1171 1404 oppressa
1201 1369 1350 1404 corpora
1372 1354 1487 1390 dicere
1514 1354 1669 1403 queant?
1699 1352 1833 1388 Caede-

129 1419 258 1453 bantur
285 1418 445 1467 quotidie
475 1418 585 1466 plagis
614 1418 734 1453 multis
761 1417 904 1452 illorum
931 1425 1028 1465 terga
1058 1417 1260 1466 ulnaeque:
1288 1430 1404 1464 neque
1435 1416 1517 1450 seris
1549 1414 1741 1450 carnivoris
1769 1414 1834 1448 hu-

129 1478 272 1513 manius
300 1479 337 1514 in
369 1493 427 1514 eos
455 1479 567 1515 fiebat.
596 1478 672 1513 Iam
698 1478 943 1513 membrorum
969 1477 1234 1520 mutilationes,
1266 1485 1299 1512 et
1328 1476 1517 1512 oculorum
1543 1475 1833 1517 excaecationes,

128 1553 168 1575 ac
189 1540 325 1588 reliqua
347 1540 383 1575 id
406 1554 519 1588 genus
539 1539 713 1575 horrenda
735 1539 926 1588 supplicia,
950 1539 1163 1588 iniquasque
1187 1538 1460 1574 immerentium
1483 1536 1669 1572 hominum
1692 1535 1833 1577 caedes,

131 1609 167 1634 et
194 1601 439 1636 acerbissimas
464 1601 502 1636 in
524 1601 674 1635 flammis
697 1608 850 1643 mortes,
873 1600 960 1648 quid
982 1599 1120 1635 adtinet
1143 1600 1333 1635 enarrare?
1358 1611 1517 1647 quorum
1545 1597 1674 1646 partim
1701 1596 1837 1632 sortitu—

130 1660 208 1695 dini
233 1660 429 1710 virtutique
457 1661 659 1703 invidebat,
687 1660 816 1709 partim
845 1659 975 1707 gloriae
1004 1674 1042 1695 ac
1072 1659 1280 1695 dexteritati
1311 1662 1376 1706 (ι).
1403 1658 1569 1707 Namque
1599 1658 1643 1700 ii,
1669 1657 1731 1705 qui
1760 1656 1836 1691 reli-

131 1721 245 1767 gionis
272 1736 400 1765 causa,
425 1722 511 1757 haec
537 1730 572 1757 et
596 1721 717 1770 peiora
742 1721 834 1770 passi
856 1730 961 1765 sunt,
984 1721 1087 1756 aliam
1110 1721 1293 1770 postulant
1318 1729 1353 1755 et
1377 1719 1522 1768 quidem
1547 1718 1755 1767 ampliorem
1779 1717 1835 1752 de—

129 1781 362 1829 scriptionem
390 1783 454 1830 (2).

238 1856 296 1891 71.
323 1842 508 1878 Postremo
531 1856 645 1891 quum
665 1843 843 1878 scelerum
865 1856 1012 1879 suorum
1031 1843 1224 1878 terminum
1245 1842 1446 1889 adtigisset,
1467 1850 1657 1877 acutarum
1678 1839 1835 1875 sebriuin

131 1903 316 1939 ardoribus
339 1914 568 1948 exaestuans,
588 1905 769 1952 gehennae
791 1905 969 1948 flammas,
988 1919 1078 1954 quae
1096 1919 1132 1940 se
1151 1919 1230 1939 mox
1252 1912 1461 1952 excepturae
1482 1912 1601 1946 erant,
1620 1901 1834 1950 praevisione

133 1965 459 2013 contemplabatur,
481 1980 521 2000 ac
549 1965 724 2014 pervigilis
746 1966 841 2001 illius
862 1966 988 2001 vermis
1010 1979 1145 2001 morsus
1168 1966 1448 2014 praesentiebat,
1472 1978 1589 2012 graves
1610 1964 1686 1998 sine
1713 1961 1835 2010 requie

135 2024 307 2060 clamores
331 2026 460 2072 edens3
479 2040 569 2075 quae
593 2035 695 2062 erant
717 2027 900 2074 gehennae
923 2026 1098 2075 quaedam
1120 2026 1231 2061 initia.
1253 2025 1350 2060 Tum
1372 2025 1516 2060 demum
1538 2023 1728 2072 impietatis
1751 2036 1835 2058 suae

135 2099 242 2121 sensu
265 2087 443 2135 paulisper
464 2096 596 2130 tactus,
618 2088 800 2135 religionis
823 2096 962 2123 nostrae
985 2088 1189 2123 adiumenta
1210 2088 1374 2136 pctebat3
1398 2095 1432 2122 et
1453 2085 1706 2121 comitantibus
1730 2097 1764 2119 se
1786 2098 1837 2118 sa-

134 2145 335 2181 cerdotibus
354 2161 474 2182 sacros
499 2147 784 2184 Christianorum
804 2149 954 2197 hymnos
977 2162 1104 2184 canere
1125 2148 1330 2184 mandabat:
1355 2147 1416 2195 qui
1438 2156 1558 2182 tamen
1581 2146 1677 2181 illico
1698 2158 1836 2180 recusa-

134 2206 238 2248 bant,
259 2219 458 2255 numquam
478 2221 514 2242 se
534 2222 661 2244 canere
682 2209 799 2244 solitos
822 2209 977 2251 aientes,
995 2209 1063 2244 sive
1084 2223 1141 2244 res
1164 2208 1213 2243 ita
1231 2223 1267 2243 se
1285 2208 1433 2242 haberet
1446 2236 1453 2250 ,
1470 2207 1539 2242 sive
1562 2207 1644 2255 quia
1665 2206 1759 2241 illius
1781 2220 1836 2241 ex·

135 2267 387 2303 horrescerent
409 2268 657 2304 crudelitatem
680 2279 713 2305 et
734 2270 963 2306 iracundiam.
990 2270 1033 2305 In
1054 2271 1107 2305 his
1129 2284 1210 2317 ergo
1235 2269 1411 2317 tantisque
1435 2268 1576 2303 deliciis
1601 2267 1836 2311 constitutus,

135 2327 263 2375 quibus
292 2328 400 2363 etiam
427 2327 696 2365 Diocletianum
723 2344 764 2366 ac
793 2330 1059 2366 Maximianum
1093 2331 1302 2365 immortuos
1337 2329 1561 2378 accepimus,
1589 2328 1703 2364 malus
1732 2329 1836 2364 homo

134 2387 222 2422 male
244 2396 351 2437 atque
372 2389 563 2425 infeliciter
584 2391 750 2439 periens,
771 2392 861 2426 vitae
889 2393 1000 2427 finem
1020 2400 1147 2427 nactus
1173 2400 1233 2426 est.
1262 2390 1433 2427 Mortuus
1456 2399 1507 2426 est
1530 2399 1648 2426 autem
1668 2390 1835 2437 navigans

134 2448 270 2497 aliquot
292 2458 389 2485 extra
411 2451 536 2486 urbem
556 2465 727 2499 passuum
749 2452 901 2487 millibus
915 2481 923 2495 ,
945 2452 1033 2488 dum
1057 2466 1073 2487 e
1096 2451 1270 2487 Thraciae
1291 2451 1497 2498 regionibus
1517 2459 1773 2493 reverteretur,
1797 2450 1834 2485 in

135 2510 267 2558 quibus
291 2524 374 2546 cum
397 2512 558 2547 exercitu
580 2513 708 2548 suerat.
730 2512 826 2548 Nam
848 2521 942 2548 terra
963 2513 1122 2548 omnium
1140 2521 1252 2548 mater
1271 2512 1484 2548 homicidam
1503 2513 1622 2555 hunc,
1641 2512 1704 2561 qui
1727 2512 1836 2560 ipsam

135 2570 302 2606 innocuis
328 2573 564 2619 sanguinibus
589 2573 827 2609 inundaverat
847 2587 886 2609 ac
907 2573 1105 2622 polluerat,
1126 2574 1219 2622 apud
1242 2588 1278 2608 se
1300 2574 1392 2608 mori
1414 2587 1486 2608 non
1510 2582 1561 2608 est
1581 2586 1689 2621 passa.
1718 2571 1835 2618 Quam

136 2640 221 2666 sunt
248 2645 329 2679 ergo
357 2633 643 2682 reprehendendi
670 2648 709 2669 ac
737 2634 881 2677 miseri,
908 2635 972 2683 qui
1000 2635 1209 2683 insipienter
1236 2634 1338 2669 illum
1367 2634 1565 2683 praedicare
1593 2634 1737 2668 beatum
1764 2646 1835 2667 nou

136 2691 370 2729 erubescunt!
398 2693 444 2729 Et
464 2695 608 2743 quidem
629 2696 718 2731 vitae
741 2695 815 2731 eius
839 2704 978 2744 tempus
1000 2709 1074 2730 non
1096 2695 1285 2730 admodum
1307 2695 1484 2744 prolixum
1505 2695 1594 2740 suit3
1619 2694 1753 2729 etenim
1776 2706 1836 2727 an-

137 2764 199 2786 nos
226 2752 320 2788 haud
345 2754 424 2802 plus
449 2754 591 2791 ’LVIII‘
616 2764 739 2799 natus,
760 2756 912 2791 animam
940 2756 1046 2792 simul
1068 2764 1102 2791 et
1125 2770 1250 2804 corpus
1275 2756 1453 2804 perdidit,
1478 2765 1512 2791 et
1539 2755 1600 2790 hos
1622 2755 1733 2802 ipsos,
1754 2751 1833 2787 Deo

217 2844 252 2874 (ι)
271 2844 312 2870 De
331 2844 428 2872 aulicis
448 2846 607 2881 proceribus
626 2855 640 2874 a
660 2846 836 2883 Copronyino
855 2847 915 2874 neci
936 2846 1054 2875 addictis
1073 2847 1246 2883 Nicephorus
1265 2847 1295 2874 in
1313 2846 1448 2874 breviario
1468 2845 1502 2874 ad
1522 2853 1566 2873 an.
1589 2847 1649 2871 766,

216 2890 251 2919 (25
272 2888 347 2916 Idem
368 2890 540 2921 Niceotiorus
559 2900 603 2928 op.
625 2893 672 2920 cit.
694 2892 729 2920 ad
749 2900 795 2920 an.
817 2895 878 2920 765.

1695 2944 1727 2968 18

1867 1063 1877 1073 '
1893 1067 1927 1088 gr.
1946 1059 2060 1093 σαρκίων.

1875 2342 1913 2362 Gr.
1929 2346 1952 2367 p.
1971 2345 2015 2363 1:13,
