2203 3331
425 198 470 231 52
988 210 1016 233 s.
1044 211 1216 235 Nicizruom
1243 213 1500 238 Axrmmffincus
1527 217 1552 240 1.

425 263 556 298 visibile
580 262 801 298 contrarium
821 272 872 299 est
892 264 1076 310 invisibili,
1099 276 1133 302 et
1154 268 1319 315 tangibile
1345 269 1565 317 intangibili,
1590 281 1623 308 et
1647 280 1872 327 corruptibile
1902 282 2114 336 incorrupfi-

427 323 510 367 hili,
533 332 566 358 et
594 322 695 372 siqua
724 323 789 359 alia
815 325 946 372 pariter
972 326 1126 363 invicem
1154 337 1236 363 sunt
1263 330 1438 377 opposita,
1462 346 1570 380 eaque
1598 334 1634 370 in
1663 349 1735 371 una
1760 341 1952 392 eademque
1978 345 2108 384 Christi

355 397 386 414 ἰ-
424 399 571 433 persona
598 394 825 434 spectantur,
853 387 938 435 qnid
967 388 1006 423 ni
1033 389 1140 424 altera
1168 404 1308 438 quoque
1337 392 1521 428 antithesis
1550 394 1587 429 in
1618 396 1743 432 eodem
1773 399 1914 439 Christo
1941 409 2116 454 spectabi-

422 455 498 489 tur,
523 446 834 495 circumscriptum
854 447 934 483 dico
956 457 989 483 et
1009 449 1386 499 incircumscriptum?
1409 452 1500 488 Nam
1520 455 1583 503 qui
1605 469 1748 493 carnem
1770 459 2107 515 incircumscriptam

421 522 494 542 csse
523 507 648 550 docet,
678 508 766 543 nihil
795 508 889 543 alittd
917 509 988 553 ait,
1016 511 1082 545 nisi
1111 511 1199 546 nihil
1226 511 1379 547 divinam
1406 522 1568 549 naturam
1594 517 1635 550 ab
1663 518 1816 555 humana
1843 521 2005 570 differre,
2037 529 2105 565 sive

422 582 497 603 rem
520 568 706 603 increatam
728 583 746 604 a
770 578 901 606 creata:
926 570 996 605 huc
1025 571 1122 606 enim
1148 580 1337 621 utrumque
1367 574 1514 620 recidit3
1540 577 1735 626 frustraque
1765 580 1834 615 iam
1854 582 1910 617 ille
1932 596 1963 622 et
1983 589 2107 625 intem-

421 629 552 676 pestive
580 629 732 665 duarum
752 638 959 666 naturarum
980 631 1198 667 mentionem
1218 633 1314 669 facit.
1342 633 1422 669 Nisi
1445 635 1542 671 enim
1571 638 1716 687 utrique
1743 650 1892 677 naturae
1921 648 2105 692 qualitates

421 689 600 738 propriae,
627 704 667 724 ex
695 689 823 739 quibus
851 698 1012 725 constant
1041 691 1310 737 adtribuantur,
1338 695 1386 729 ita
1415 705 1453 730 ut
1480 697 1517 731 in
1546 698 1618 733 suis
1646 713 1804 749 quaeque
1833 704 2106 752 proprietatibus

420 759 650 797 agnoscatur,
671 751 849 786 undenam
871 750 970 785 nobis
990 750 1059 786 iam
1080 754 1303 801 apparebunt
1322 757 1502 792 naturales
1520 759 1692 807 oppositae
1711 761 1953 808 differentiae,
1974 773 2009 800 et
2030 770 2107 801 suh*

421 811 598 846 stantiales
621 811 827 860 qualitates?
848 810 1121 859 Compericntur
1139 813 1258 862 itaque
1277 829 1390 851 unum
1411 817 1497 865 quid
1519 833 1592 853 csse
1611 834 1699 868 quae
1718 832 1801 858 sunt
1821 825 1996 873 opposita3
2014 828 2107 875 quod

420 881 472 907 cst
501 872 720 920 impossibile.

523 935 581 979 4ο,
610 932 826 967 Arianorum
853 940 937 967 sunt
964 932 1049 967 haec
1078 947 1144 969 nec
1171 948 1243 970 non
1266 935 1477 984 Apollinaris
1507 949 1541 975 et
1568 940 1795 990 Eutychctis,
1818 955 1852 981 et
1880 948 2108 984 confusanea-

422 1006 499 1027 rnm
531 993 842 1041 acephalarumque
875 992 1027 1040 partium
1060 1002 1193 1041 spectra
1222 1003 1255 1029 et
1282 996 1517 1043 sophismata,
1545 1015 1695 1048 qnorum
1727 1004 1859 1052 aliquot
1888 1018 2104 1056 comparata,

421 1062 541 1088 utrum
569 1054 610 1087 ab
640 1053 706 1087 illis
728 1053 919 1088 Mamonae
947 1052 1137 1097 differant,
1159 1055 1272 1103 palam
1298 1056 1436 1091 facient.
1466 1057 1528 1092 Sic
1555 1061 1649 1095 enim
1668 1063 1724 1097 hic
1746 1074 1884 1101 noster:
1916 1074 1963 1112 ςζ-’ὶ
1994 1069 2039 1104 ita
2067 1078 2108 1104 ut

422 1120 469 1159 52⁴>
501 1127 645 1148 carnem
673 1113 853 1156 dicentes,
875 1127 965 1162 quae
994 1128 1069 1149 non
1099 1115 1274 1163 propriam
1302 1116 1365 1151 sed
1393 1115 1462 1152 Dei
1489 1117 1593 1152 habet
1621 1133 1826 1166 personam,
1849 1124 1965 1161 Deum
1989 1127 2025 1162 in
2056 1129 2109 1162 di-

421 1180 469 1219 029
500 1174 582 1208 vina
610 1174 787 1209 maiestate
814 1174 1071 1222 praedicemus.
1100 1175 1146 1210 Et
1171 1190 1300 1212 rursus.
1331 1175 1371 1211 Si
1400 1177 1494 1212 enim
1517 1178 1579 1226 qui
1604 1187 1656 1213 est
1677 1194 1717 1214 ex
1738 1180 1902 1229 Virgine,
1924 1198 2016 1219 unus
2036 1187 2110 1223 Do-

421 1240 469 1279 (ᾖ)
499 1235 617 1270 minus
645 1235 835 1283 appellatus
864 1243 936 1279 est,
959 1244 992 1271 et
1020 1236 1092 1284 ipse
1122 1245 1173 1272 est
1199 1251 1260 1285 per
1287 1251 1393 1286 quem
1421 1238 1538 1273 omnia
1565 1240 1655 1274 sacta
1685 1250 1788 1285 sunt,
1810 1257 1881 1278 una
1904 1244 2026 1292 utique
2050 1259 2109 1280 na-

421 1301 468 1340 0‘7‘)
502 1305 578 1331 tura
606 1304 679 1338 cst,
702 1297 872 1344 quoniam
899 1310 971 1331 una
998 1311 1151 1346 persona
1172 1312 1245 1332 non
1266 1298 1397 1347 patitur
1418 1298 1456 1333 in
1479 1299 1549 1334 duo
1572 1299 1796 1339 divisionem:
1818 1305 2109 1354 quandoquidem

421 1365 469 1403 οἵ)
499 1371 614 1405 neque
636 1356 777 1405 propria
798 1364 923 1392 natura
946 1357 1123 1406 corporis,
1146 1366 1180 1393 et
1201 1358 1339 1407 propria
1360 1368 1485 1394 natura
1506 1359 1617 1395 deitas
1642 1363 1840 1399 secundum
1863 1379 2024 1403 carnem:
2048 1367 2108 1402 sed

421 1422 469 1461 σ’ς’)
499 1426 539 1452 ut
561 1418 664 1452 homo
685 1431 757 1452 una
778 1425 904 1453 natura
918 1446 927 1461 ‚
950 1418 999 1453 sic
1028 1418 1130 1454 etiam
1150 1419 1188 1453 in
1211 1418 1481 1455 similitudinem
1506 1420 1691 1456 hominum
1711 1423 1826 1459 factus
1851 1424 2025 1462 Christus.
2057 1433 2106 1472 σς)

418 1476 601 1524 Quoniam
620 1478 676 1512 hie
699 1477 804 1525 igitur
830 1492 943 1527 aeque
964 1492 1004 1514 ac
1025 1478 1075 1513 illi
1102 1478 1282 1529 loquitur,
1305 1489 1589 1516 consentaneum
1616 1482 1648 1516 ei
1676 1492 1771 1526 erat,
1793 1493 1834 1519 ut
1857 1494 1891 1520 et
1918 1499 2026 1521 unam
2047 1500 2108 1521 na-

416 1547 532 1573 turam
554 1539 590 1573 in
615 1538 756 1574 Christo
784 1539 922 1574 diceret
946 1554 987 1575 ex
1009 1541 1178 1576 ambabus
1208 1541 1430 1589 compositam
1444 1570 1452 1585 ,
1474 1556 1520 1577 ne
1549 1542 1668 1577 minus
1695 1558 1800 1592 quam
1820 1545 1870 1580 illi
1890 1560 2037 1594 peccare
2060 1546 2110 1581 vi-

417 1599 577 1636 deretur:
598 1614 750 1649 quorum
770 1600 828 1635 hic
850 1614 971 1649 reapse
994 1601 1169 1650 impietate
1194 1615 1235 1637 ac
1255 1602 1471 1650 blasphemia
1492 1603 1670 1647 laborans,
1691 1617 1855 1651 magnam
1876 1604 1971 1639 illam
1991 1614 2025 1641 et
2044 1621 2109 1642 nu-

415 1661 687 1696 merosissimam
708 1661 846 1696 abolere
873 1662 999 1709 sategit
1027 1676 1163 1698 sacram
1191 1663 1366 1712 synodum
1393 1665 1466 1711 (1),
1487 1678 1574 1712 quae
1603 1664 1803 1700 doctrinam
1823 1664 1865 1700 de
1890 1664 2026 1700 Christi
2050 1668 2109 1715 hy-

414 1722 564 1769 postasi,
586 1721 699 1770 deque
723 1722 798 1757 eius
820 1722 958 1757 naturis
972 1751 980 1766 ,
1001 1722 1120 1758 divino
1144 1722 1279 1771 Spiritu
1302 1732 1460 1772 permota
1486 1723 1695 1769 edisseruit,
1716 1725 1855 1761 divinae
1883 1727 2109 1762 oeconomiae

416 1782 627 1830 mysterium
655 1783 872 1818 manifestius
901 1783 1002 1818 nobis
1030 1792 1063 1819 et
1091 1784 1219 1820 clarius
1247 1785 1459 1833 praedicans,

517 1843 660 1879 Etenim
682 1845 796 1893 primo
819 1844 1173 1880 animadvertendum
1195 1854 1264 1889 est,
1282 1846 1489 1881 Mamonam
1509 1846 1587 1882 heic
1609 1861 1649 1881 ex
1670 1847 1806 1882 duabus
1827 1861 1902 1882 esse
1924 1847 2107 1882 Christum

415 1903 552 1939 naturis
581 1904 750 1951 definire3
779 1905 897 1940 nescio
925 1905 1045 1941 hercle
1073 1920 1143 1954 quo
1172 1906 1267 1949 iure,
1295 1907 1356 1954 qui
1384 1920 1429 1940 ne
1458 1919 1566 1941 unam
1594 1906 1740 1954 quidem
1769 1906 1799 1940 ei
1827 1908 1977 1942 formam
2004 1908 2109 1955 paulo

414 1972 492 1999 ante
523 1964 744 2000 concedebat.
773 1964 939 2000 Attamen
974 1966 1009 2000 in
1042 1966 1182 2001 duabus
1216 1980 1291 2001 esse
1324 1966 1458 2001 naturis
1486 1965 1647 2001 nondum
1681 1966 1863 2001 Christum
1889 1966 1960 2002 dici
1992 1967 2033 2001 ab
2067 1982 2108 2001 co

414 2033 506 2072 patet.
530 2027 592 2073 (2).
620 2025 719 2061 Num
747 2040 826 2074 ergo
847 2026 927 2061 heic
948 2040 1113 2076 quoque,
1136 2027 1232 2062 iuxta
1259 2027 1436 2074 magistros
1464 2041 1565 2069 suos,
1587 2035 1730 2075 propter
1758 2041 1865 2062 unam
1892 2028 2107 2075 hypostasim

414 2094 553 2120 naturas
574 2087 703 2134 pariter
727 2087 937 2124 confundit?
965 2087 1062 2123 Dum
1083 2088 1179 2123 enim
1208 2088 1572 2136 circumscriptionem
1594 2090 1730 2131 aufert,
1755 2096 1887 2123 constat
1910 2101 1991 2123 eum
2020 2097 2109 2124 cete-

415 2160 468 2180 ras
495 2162 633 2196 quoque
658 2148 769 2183 carnis
790 2148 1009 2184 differentias
1031 2163 1169 2197 negare.
1198 2148 1308 2184 Porro
1330 2150 1391 2198 qni
1412 2149 1462 2184 sic
1483 2149 1664 2198 loquitur,
1687 2149 1713 2183 is
1734 2162 1781 2184 ne
1803 2149 1941 2184 divinae
1962 2150 2108 2198 quidem

416 2216 560 2242 naturae
588 2209 820 2258 proprietates
847 2211 1022 2254 servabit,
1052 2219 1085 2245 et
1112 2224 1229 2260 neque
1261 2210 1587 2258 circumscriptam,
1616 2224 1735 2259 neque
1762 2210 2108 2259 incircumscriptam

416 2267 563 2303 Domini
583 2270 792 2318 hypostasim
813 2270 996 2318 admittet3
1018 2271 1065 2306 ita
1088 2272 1184 2306 enim
1206 2273 1273 2307 sert
1293 2272 1513 2306 confusionis
1534 2271 1644 2317 rati03
1664 2285 1783 2319 neque
1806 2270 2011 2306 utrumlibet
2031 2272 2110 2306 uni-

417 2336 534 2364 torum
561 2330 716 2366 absolute
746 2346 809 2380 per
837 2346 871 2367 se
900 2332 1049 2367 existens
1078 2332 1315 2379 demonstratg,
1340 2332 1399 2367 sed
1428 2332 1520 2367 aliud
1549 2332 1669 2367 nescio
1696 2332 1783 2380 quid
1812 2332 1971 2374 exhibet,
2000 2340 2041 2366 ut
2068 2332 2108 2366 fit

418 2389 455 2424 in
486 2391 789 2439 corruptionibus,
817 2393 929 2428 veluti
957 2407 1105 2428 cernere
1135 2393 1221 2430 licet
1247 2393 1285 2428 iu
1312 2393 1527 2442 liquidorum
1559 2392 1790 2435 confusione,
1816 2406 1856 2427 ac
1884 2392 2108 2427 metallorum

416 2463 600 2499 compage,
625 2452 777 2501 itemque
806 2454 843 2488 in
872 2454 1131 2491 medicinalium
1161 2455 1440 2504 compositione,
1468 2463 1502 2489 et
1530 2454 1680 2502 denique
1709 2454 1746 2488 in
1774 2453 2035 2488 elementorum
2062 2453 2107 2487 ad

415 2524 558 2559 corpora
580 2513 800 2548 conficienda
823 2528 1018 2562 concurstl3
1039 2515 1078 2550 in
1099 2515 1230 2564 quibus
1251 2515 1301 2551 nil
1322 2529 1452 2564 purum
1481 2524 1552 2558 est,
1574 2528 1647 2549 non
1671 2514 1783 2562 ignis,
1804 2528 1877 2549 non
1897 2522 1989 2548 terra
2003 2541 2011 2555 ‚
2033 2526 2104 2547 nou

415 2572 511 2607 aliud
539 2573 730 2621 quodlibet.
759 2573 861 2610 Paria
891 2576 1036 2611 omnino
1063 2577 1121 2612 hic
1154 2586 1277 2612 noster
1304 2577 1348 2612 de
1377 2577 1512 2612 duabus
1540 2590 1681 2624 quoque
1712 2574 1994 2624 operationibus,
2016 2583 2103 2620 quae

416 2633 450 2667 in
475 2632 617 2669 Christo
640 2642 860 2682 spectantur,
882 2637 1101 2684 opinabatur.
1129 2637 1271 2673 Etenim
1297 2650 1378 2672 cum
1402 2650 1472 2671 una
1492 2636 1691 2685 hypostasi,
1712 2649 1820 2671 unam
1841 2634 1969 2683 pariter
1991 2644 2105 2679 opem-

496 2719 531 2749 (1)
551 2717 676 2752 Intellige
695 2716 832 2753 synodum
854 2717 1110 2748 chalcedonensem.
1131 2720 1181 2748 Vel
1201 2724 1273 2748 certe
1293 2719 1379 2747 recole
1399 2726 1458 2753 rap.
1479 2721 1505 2744 6.
1529 2726 1554 2753 p.
1580 2721 1619 2746 17.

496 2764 532 2792 (2)
550 2761 730 2788 Notissimum
750 2765 791 2788 est
810 2762 1017 2798 Monophysitas
1036 2764 1250 2791 orthodoxorum
1270 2763 1441 2799 argumentis
1465 2763 1620 2795 convictos,
1641 2762 1732 2789 adhuc
1752 2762 1887 2797 refugium
1906 2757 1976 2785 illud
1995 2757 2107 2792 quaesi-

414 2804 482 2831 visse
502 2809 533 2831 ut
551 2804 675 2832 dicerent
692 2805 833 2833 Christum
852 2813 940 2832 unum
961 2815 991 2833 ex
1010 2807 1118 2835 duabus
1137 2808 1260 2840 naturis,
1282 2816 1338 2835 nou
1362 2812 1453 2834 tamen
1479 2807 1506 2833 in
1532 2806 1649 2833 duabus,
1675 2806 1706 2832 td
1726 2811 1817 2833 autem
1842 2810 1898 2830 nnn
1919 2810 1998 2837 saepe
2021 2800 2105 2831 alibi,

417 2852 475 2875 tum
495 2848 523 2875 in
543 2848 623 2877 editis
645 2858 659 2876 a
680 2857 723 2876 nie
742 2849 870 2877 adversus
890 2850 1097 2886 monophysitas
1116 2852 1197 2879 variis
1215 2856 1335 2879 veterum
1356 2856 1499 2878 auctorum
1519 2850 1628 2885 scriptis
1642 2851 1803 2877 ventilatum
1822 2848 1888 2876 satis
1902 2846 2107 2878 refutatumque

415 2900 576 2927 comperies.
