2203 3331
21 1738 30 1745 ‘
47 1734 94 1755 ἰωὴ,
110 1734 168 1754 ΧἸΙΙΔ
187 1737 215 1754 ιθ.

44 1764 51 1770 ”
70 1760 116 1781 [oh.
131 1761 141 1779 ἲ
153 1761 167 1780 1,
183 1764 215 1780 ῑιι.

20 1790 28 1797 ‘
45 1787 93 1807 lob⁴
109 1788 157 1807 xm
183 1791 215 1808 231.

25 1817 33 1824 '
51 1813 131 1833 Manli.
147 1814 179 1834 M
190 1815 215 1834 lt.

14 1844 119 1886 sliam.
136 1866 215 1887 ,xvnr

16 1895 120 1939 ἔΙλιηιιιι,
135 1919 169 1939 ix.
185 1922 216 1939 27.

14 1947 33 1964 ιἸ
53 1945 113 1965 alibi.

28 2405 35 2410 ·
52 2408 85 2427 μγ.
100 2399 217 2429 rueme(-

37 2434 41 2443 ‚
140 2431 145 2434 .

68 2646 75 2652 ·
95 2643 142 2664 loli.
159 2645 174 2665 Ι.
192 2648 222 2665 1⁷4·

64 2693 70 2698 '
86 2691 135 2710 loh.
153 2692 177 2711 Y.
193 2695 225 2712 21.

28 2718 34 2726 “
58 2715 105 2736 ΙοΙι.
123 2717 191 2738 ΜΠ,
209 2721 225 2738 ι,

262 150 306 181 00
823 159 850 183 s.
877 160 1050 184 mei-:mmai
1076 162 1331 186 ax'rmmffiricrs
1357 163 1381 186 1.

268 215 424 250 cruciare
446 221 579 261 potest²
601 213 832 249 nihilomiuus
857 216 990 250 Christi
1014 231 1100 252 crux
1121 218 1259 252 dicitur.
1286 218 1410 252 Fidem
1433 217 1495 252 tihi
1517 218 1622 254 saciat
1643 220 1705 269 qui
1726 221 1788 257 ait:
1812 228 1834 243 ‘²
1859 223 1942 257 mihi

266 305 287 318 .,
316 284 430 310 autem
453 274 542 308 absit
565 274 728 321 gloriari,
751 275 819 310 nisi
846 276 882 310 in
911 290 1016 312 cruce
1044 278 1176 312 domiui
1203 278 1311 313 nostri
1339 278 1416 313 [esu
1447 278 1579 313 Christi
1605 281 1632 315 *ἦ
1660 309 1683 323 ,,
1709 282 1944 317 Cireurneisio

265 336 410 370 hominis
432 348 572 370 earnem
593 335 800 371 abscindere
822 346 952 384 potest,
974 347 1008 373 et
1029 339 1226 386 sepulcrum
1248 340 1338 374 hane
1361 339 1453 374 intra
1474 354 1508 374 se
1532 340 1839 386 circumscribere,
1861 357 1942 378 con-

265 397 403 431 cludere
433 410 472 431 ae
499 396 608 431 celare
633 397 731 433 valet.
760 397 854 432 llaec
881 407 992 433 tamen
1021 400 1134 434 onmia
1165 401 1295 434 Christi
1321 400 1508 437 dicuntur:
1529 415 1744 450 quamquam
1767 404 1855 438 nihil
1883 405 1941 439 ho-

263 471 338 492 rum
360 457 402 491 de
425 457 540 492 divina
563 457 733 492 ineffabili
754 467 877 493 natura
901 460 1040 508 proprie
1061 475 1099 494 ae
1124 461 1397 496 substantialiter
1421 461 1581 504 dicetur,
1603 463 1684 510 quia
1707 472 1760 498 est
1780 465 1863 499 haee
1890 465 1943 499 in·

261 518 425 552 violabilis
448 526 481 552 et
502 518 740 566 impassibilIS,
765 528 798 553 et
823 520 864 554 ab
893 521 987 554 omni
1015 521 1088 555 eius
1118 522 1253 568 generis
1284 536 1341 565 re,
1364 536 1455 570 quae
1483 523 1626 569 cogItari
1652 524 1781 571 possit,
1802 539 1940 572 prorsus

261 578 380 613 aliena.
410 578 501 612 Nam
523 578 551 613 si
573 579 660 627 quid
681 579 884 614 huiusmodi
913 580 1050 615 dietum
1078 582 1258 625 xideatur,
1283 582 1315 617 id
1343 583 1614 631 permutationis
1637 591 1671 618 et
1693 583 1940 631 adpropriatio-

260 639 315 673 nis
344 638 444 673 modo
468 639 622 682 dicitur,
645 640 738 688 quod
760 649 798 675 tu
822 641 857 675 in
880 642 1054 688 praesenti
1075 656 1145 677 non
1167 643 1273 686 sacis,
1295 644 1375 691 quia
1397 644 1554 678 funditus
1577 643 1610 678 id
1634 644 1782 691 ignoras
1810 644 1938 680 Passus

260 708 381 734 autem
411 699 571 735 Christus
599 699 730 735 dieitur
749 715 818 735 non
843 715 911 748 qua
933 700 1030 736 Deus
1045 731 1052 745 ‚
1074 703 1133 737 sed
1163 718 1230 752 qua
1258 705 1385 746 homo,
1408 705 1471 739 etsi
1494 719 1590 740 unus
1620 705 1784 753 idemque
1808 713 1857 739 est
1880 706 1939 753 hy-

259 761 427 808 postatiee
448 761 634 797 adunatus.
663 761 757 807 Quia
781 762 884 808 igitur
906 771 940 796 et
961 776 1086 810 eorpus
1114 765 1207 812 quod
1228 779 1246 799 a
1267 765 1368 799 nobis
1388 766 1558 813 sumpsit,
1583 764 1716 800 Christi
1741 779 1866 813 eorpus
1888 766 1940 800 di-

261 821 372 864 citur,
395 821 430 855 in
454 836 522 870 quo
545 821 652 856 etiam
672 822 787 856 onmia
812 836 928 870 passus
950 822 1128 866 ereditur,
1150 824 1217 859 hoc
1239 833 1359 859 autem
1382 839 1510 874 eorpus
1532 826 1679 860 omnino
1703 827 1938 861 characterem

259 881 399 925 habuit,
422 881 450 917 si
474 883 569 917 enim
590 883 653 917 hoe
678 882 862 923 caruisset²
885 896 927 916 ne
953 896 1080 930 corpus
1106 884 1250 931 quidem
1276 885 1423 932 fuisset3
1443 900 1586 921 neeesse
1613 895 1663 921 est
1690 887 1796 921 etiam
1821 900 1939 935 eorpo-

260 942 307 977 ris
332 943 567 978 characterem
592 957 631 977 ae
656 943 832 991 speciem,
857 942 990 978 Christi
1016 943 1096 978 diei.
1126 944 1217 978 Nam
1243 945 1334 980 sieut
1358 960 1482 994 corpus
1508 948 1686 995 proprium
1710 947 1840 981 Christi
1865 956 1936 989 est⁷

261 1002 309 1036 sic
333 1011 365 1037 et
390 1004 569 1039 character
591 1003 683 1037 haud
710 1002 914 1037 referendus
936 1002 976 1037 ad
998 1011 1159 1037 naturam
1181 1002 1286 1038 Verbi
1308 1013 1379 1047 est,
1402 1007 1496 1053 quod
1520 1008 1629 1042 forma
1652 1016 1767 1049 caret,
1789 1015 1820 1040 et
1843 1007 1939 1041 iude-

260 1063 398 1097 finitum
419 1072 489 1105 est,
512 1062 676 1109 nullaque
699 1063 807 1109 figura
827 1062 1049 1110 praeditum3
1072 1063 1133 1098 sed
1158 1063 1199 1098 ad
1219 1063 1329 1098 Verbi
1353 1079 1477 1112 eorpus
1498 1066 1756 1113 humanamque
1777 1075 1938 1101 naturam

259 1123 413 1170 pertinet
438 1123 579 1170 eiusque
605 1123 769 1165 formam„
795 1137 835 1157 ex
859 1123 986 1171 quibus
1018 1122 1183 1158 Christus
1213 1124 1422 1161 conficitur:
1447 1124 1594 1173 ideoque
1621 1133 1655 1159 et
1679 1125 1938 1173 homonymiam

260 1197 342 1218 cum
367 1183 424 1217 illo
448 1183 573 1225 habet,
596 1183 677 1231 quia
702 1183 853 1231 speciem
879 1184 951 1218 eius
977 1197 1058 1231 prae
1084 1198 1118 1218 se
1142 1185 1207 1218 sert
1230 1186 1293 1233 (1).

361 1243 431 1279 Sed
457 1253 491 1279 te
517 1244 661 1292 quidem
682 1244 912 1293 adsumptum
940 1244 1074 1279 Christi
1098 1259 1248 1288 nomen,
1270 1245 1364 1294 quod
1392 1245 1543 1281 duarum
1569 1254 1775 1281 naturarum
1799 1245 1940 1281 demon-

257 1305 442 1339 strativum
466 1313 538 1347 est,
564 1304 783 1351 dogmatibus
808 1306 880 1340 tuis
905 1305 1042 1352 gloriari
1070 1319 1282 1354 magnopere
1309 1314 1342 1341 et
1366 1306 1483 1341 inflari
1511 1306 1672 1354 impulit,
1697 1315 1802 1354 atque
1828 1306 1940 1340 existi-

256 1378 349 1399 mare
378 1373 545 1400 neutrum
572 1365 697 1400 horum
727 1365 793 1400 isto
820 1366 964 1400 nomine
993 1366 1262 1409 denotatorum,
1291 1366 1367 1401 sine
1396 1367 1526 1409 altero,
1548 1367 1708 1415 quolibet
1732 1367 1767 1401 in
1796 1366 1937 1413 negotio

254 1434 315 1460 aut
338 1425 498 1472 dogmate
521 1426 697 1460 nominari
722 1426 833 1461 solere
849 1455 857 1468 ,
880 1439 946 1461 nee
970 1427 1234 1474 quomodolibet
1257 1428 1444 1476 usurpari,
1469 1428 1553 1476 quin
1580 1428 1607 1462 si
1633 1428 1675 1462 ab
1701 1427 1809 1462 altero
1834 1427 1937 1461 disso-

256 1486 389 1530 cietur,
410 1486 535 1534 proeul
560 1487 703 1521 omnino
729 1487 951 1522 distrahatur.
981 1486 1056 1521 Nos
1079 1501 1159 1522 'vero
1185 1488 1269 1536 quid
1292 1488 1335 1522 ad
1359 1489 1445 1523 haee
1471 1488 1650 1523 dicimus?
1675 1486 1767 1522 Sane
1791 1487 1855 1522 tibi
1878 1487 1939 1521 ali-

255 1547 394 1595 quando
422 1556 601 1590 occurret,
626 1548 805 1583 hominem
833 1548 1076 1584 tantummodo
1104 1547 1285 1583 Christum
1308 1557 1368 1584 aut
1391 1549 1504 1584 filium
1531 1549 1683 1584 hominis
1712 1548 1805 1590 diei,
1831 1556 1936 1595 atque

253 1607 299 1642 ita
323 1607 420 1642 nuda
444 1607 687 1642 nominatione
714 1607 890 1656 appellari.
914 1607 958 1642 Et
984 1608 1012 1642 si
1035 1608 1094 1642 alii
1115 1609 1271 1651 nemini,
1296 1608 1440 1644 Christo
1468 1618 1561 1645 certe
1589 1608 1728 1644 credere
1753 1608 1845 1642 voles
1868 1615 1939 1641 tur-

253 1667 305 1701 bis
329 1667 541 1703 Iudaeorum
566 1668 719 1705 dicenti:
740 1675 762 1689 ‘⁸
787 1682 850 1703 cur
872 1682 927 1703 me
954 1668 1150 1703 interficere
1176 1669 1342 1717 quaeritis
1357 1698 1364 1712 ‚
1386 1670 1569 1705 hominem
1593 1669 1655 1717 qui
1677 1669 1863 1703 veritatem
1883 1681 1939 1701 vo-

258 1756 280 1770 „
308 1728 360 1762 bis
380 1727 521 1763 loeutus
545 1741 620 1763 sum
640 1730 684 1764 *Ψ
706 1728 769 1771 Et,
790 1728 857 1764 nisi
883 1729 1179 1764 manducaveritis
1205 1744 1348 1765 earnem
1373 1730 1437 1765 filii
1462 1730 1614 1765 hominis
1637 1731 1664 1764 ³³.
1686 1728 1753 1771 lit,
1778 1728 1940 1763 clarifica-

259 1816 282 1829 „
310 1796 364 1823 tus
388 1797 439 1823 est
460 1788 551 1823 filius
572 1789 722 1823 hominis
743 1790 770 1824 ξ.
792 1788 835 1823 Et
858 1789 946 1824 filius
968 1789 1119 1824 hominis
1142 1790 1332 1825 tradendus
1356 1799 1408 1825 est
1426 1792 1452 1827 *ἦ
1471 1789 1534 1833 Et,
1555 1790 1651 1824 venit
1671 1789 1764 1824 filius
1787 1788 1938 1823 hominis

256 1848 297 1882 ad
318 1848 516 1883 salvandum
537 1849 630 1897 quod
652 1850 800 1897 perierat
821 1851 847 1885 *ἦ
871 1849 914 1884 Et
928 1879 936 1893 ,
959 1849 1105 1885 Davidis
1127 1850 1238 1885 filium
1258 1851 1492 1885 nominabant
1512 1852 1538 1885 *ἦ
1564 1878 1586 1893 ,,
1608 1849 1797 1897 ὶῘιιΙὶᾶἾυθ
1819 1848 1872 1882 his
1895 1847 1938 1881 si-

254 1908 346 1942 milia
369 1909 405 1943 in
431 1910 614 1956 evangeliis
641 1911 921 1958 comperientur,
944 1911 1017 1946 nisi
1039 1912 1129 1946 sorte
1151 1911 1246 1946 lusus
1268 1925 1448 1959 nugaeque
1472 1910 1669 1957 evangeliea
1691 1923 1709 1944 a
1731 1918 1764 1944 te
1789 1908 1938 1943 eredun-

256 1977 313 2002 tur
334 1970 480 2005 oraeula.
503 1971 682 2016 Quoniam
702 1972 817 2020 itaque
840 1972 935 2020 quod
956 1972 1049 2006 nuda
1070 1972 1220 2007 hominis
1241 1972 1471 2020 appellatione
1491 1971 1728 2018 significatur,
1750 1982 1862 2003 unum
1884 1977 1936 2002 est

255 2043 326 2063 non
355 2030 444 2072 duo,
468 2031 556 2066 sicut
583 2032 618 2066 in
647 2030 780 2067 Christi
808 2033 952 2067 nomine
974 2033 1161 2079 usuvenit3
1182 2046 1337 2081 namque
1366 2045 1472 2067 unam
1493 2032 1597 2066 nobis
1619 2032 1807 2066 humanam
1836 2037 1938 2063 natu-

253 2103 326 2123 ram
351 2091 560 2126 voeabulum
588 2092 750 2138 denotatg
775 2093 860 2141 quid
888 2094 952 2128 tibi
981 2093 1138 2135 eveniet,
1162 2102 1195 2128 et
1222 2093 1307 2141 quid
1335 2093 1397 2127 tibi
1428 2093 1641 2135 adiicietur,
1666 2092 1776 2126 veluti
1804 2103 1936 2125 novum

253 2149 337 2196 quid
359 2159 392 2185 et
414 2165 576 2198 magnum
599 2161 633 2187 et
654 2153 753 2201 plane
777 2154 988 2189 mirificum?
1012 2152 1113 2188 Licet
1134 2153 1231 2188 enim
1254 2153 1341 2195 tibi,
1363 2153 1425 2201 qui
1447 2152 1586 2188 Christo
1607 2152 1724 2200 potius
1747 2164 1853 2199 quam
1874 2164 1935 2185 no-

255 2209 343 2244 mini
371 2212 443 2245 eius
470 2211 679 2255 adversaris,
702 2227 836 2248 merum
856 2215 1036 2249 homiuem
1057 2222 1090 2248 et
1111 2214 1154 2248 de
1176 2222 1299 2248 nostro
1328 2227 1477 2248 numero
1506 2226 1619 2248 unum
1642 2212 1845 2260 praedicare
1866 2210 1937 2245 Do-

254 2270 412 2313 minum,
434 2271 467 2305 id
490 2273 583 2319 quod
606 2282 643 2308 tu
666 2283 699 2309 et
723 2274 805 2309 olim
827 2283 859 2310 et
879 2289 978 2310 nune
1000 2275 1106 2309 etiam
1128 2275 1287 2322 improbe
1311 2273 1497 2320 studuisti3
1519 2282 1625 2322 atque
1646 2274 1741 2307 hune
1762 2284 1881 2313 reum,
1904 2280 1937 2305 et

253 2344 386 2377 poenae
409 2331 612 2376 subditum,
636 2343 670 2369 et
697 2334 798 2382 digna
825 2335 993 2370 maleficis
1022 2335 1238 2383 patientem3
1260 2335 1502 2383 violentaeque
1530 2334 1613 2369 neci
1641 2333 1828 2368 addietum.
1856 2331 1935 2365 Alia

255 2391 414 2426 consulto
437 2401 611 2439 praetereo
632 2396 669 2436 ᾗ,
690 2395 919 2443 blasphemiae
941 2404 1049 2432 metu.
1072 2395 1232 2430 Fortasse
1254 2395 1350 2430 dices
1365 2424 1372 2438 ,
1394 2395 1571 2429 hominem
1591 2394 1689 2428 hunc
1710 2392 1830 2427 Deum
1851 2405 1936 2441 quo-

253 2465 319 2498 que
342 2466 424 2488 esse.
454 2451 705 2498 Quaestionem
739 2457 888 2503 solvisti3
909 2470 991 2491 uam
1014 2465 1048 2491 et
1073 2456 1172 2491 Deus
1195 2457 1252 2491 hie
1276 2457 1378 2491 horno
1403 2464 1464 2491 est.
1495 2455 1567 2490 Sed
1589 2468 1607 2489 e
1631 2454 1808 2489 contrario
1823 2482 1831 2495 ,
1853 2466 1936 2488 eum

254 2510 374 2547 Deum
402 2515 643 2549 tantummodo
673 2518 850 2552 nominari
879 2518 996 2554 audis:
1018 2524 1041 2539 ‘⁶
1065 2517 1100 2552 in
1128 2517 1304 2566 principio
1334 2525 1406 2552 erat
1425 2516 1601 2558 Verbum,
1623 2523 1658 2549 et
1678 2513 1838 2549 Verbum
1860 2522 1936 2549 erat

260 2599 282 2613 ,,
312 2572 404 2620 apud
425 2571 564 2617 Deum,
584 2583 618 2608 et
640 2573 737 2610 Deus
761 2585 831 2611 erat
851 2577 1017 2613 Verbum.
1038 2577 1103 2620 Et,
1122 2577 1274 2614 vidimus
1296 2577 1437 2625 gloriam
1459 2576 1554 2618 eius,
1575 2574 1721 2621 gloriam
1741 2574 1838 2622 quasi
1858 2573 1936 2608 uni-

263 2660 286 2674 „
315 2632 422 2679 geniti
442 2647 460 2667 a
479 2642 574 2681 patre
602 2635 629 2669 *ἦ
656 2634 720 2678 Et,
742 2636 834 2671 sicut
861 2646 957 2685 pater
986 2639 1130 2674 suscitat
1156 2648 1314 2674 mortuos
1343 2647 1376 2673 et
1402 2637 1573 2679 vivificat,
1596 2635 1646 2670 sie
1669 2644 1702 2669 et
1726 2635 1820 2670 filius
1847 2649 1934 2683 quos

268 2720 290 2735 ‚‚
316 2693 389 2728 vult
409 2693 555 2729 vivificat
574 2696 601 2730 *ἦ
622 2695 686 2739 Et,
705 2704 800 2744 pater
820 2697 971 2734 clarifica
990 2700 1101 2735 filium
1123 2709 1244 2743 tuum,
1262 2708 1301 2735 ut
1322 2708 1357 2735 et
1377 2698 1466 2734 filius
1488 2696 1657 2732 clarificet
1680 2704 1713 2731 te
1736 2697 1763 2732 *ἵ
1786 2695 1849 2738 Et,
1871 2709 1933 2743 ego

268 2824 284 2851 d
340 2786 373 2814 (13
393 2785 459 2811 Heio
478 2789 502 2811 et
522 2784 649 2821 deinceps
668 2786 837 2815 admirentur
856 2787 974 2825 theologi
993 2790 1171 2825 persubtilein
1194 2797 1279 2825 aeque
1303 2792 1385 2824 atque
1409 2787 1590 2815 rectissimam
1612 2786 1759 2822 Nicephori
1779 2785 1811 2813 de
1831 2786 1935 2825 Christi

258 2824 264 2850 i
285 2825 430 2855 iemalibus
449 2828 611 2857 doctrinam.
