2203 3331
147 1936 180 1954 ΖΓ.

197 1933 325 1960 νηζῡυσιν.

361 209 400 241 Εἰ
923 218 951 241 5.
979 218 1151 242 sici-:mmm
1179 219 1435 241 ,xx’sununzrutrs
1465 219 1486 241 1.

362 286 442 320 porc
473 284 630 319 separare
645 299 652 313 ,
674 271 769 318 quod
793 271 880 306 nihil
901 273 993 308 aliud
1015 288 1122 322 quam
1145 288 1235 309 mors
1256 276 1333 309 est?
1362 273 1461 319 Quid
1491 272 1588 308 enim
1610 282 1661 309 est
1683 289 1796 320 mors,
1820 277 1886 311 nisi
1915 277 2049 314 animae

362 348 378 366 a
409 346 555 380 corpore
585 332 783 380 separatio?

469 393 508 427 lit
537 393 603 428 iam
631 393 753 441 aquuis
782 395 904 429 merito
933 395 1121 430 admodum
1150 395 1199 430 sic
1222 395 1433 430 Mamonam
1460 396 1721 445 adloqueretur.
1750 396 1808 432 Tu
1839 413 1919 446 ergo
1946 399 2050 434 inulti

361 454 434 489 auri
454 454 609 489 ebriatus
627 455 782 502 crapula,
802 464 831 489 et
856 457 1027 504 pecuniae
1048 457 1238 504 cupiditate
1257 457 1386 499 rictus,
1407 457 1508 505 eique
1531 457 1621 492 haud
1644 472 1746 493 500115
1763 459 1925 502 deditus,
1943 475 2049 508 quam

364 514 420 549 ille
442 515 565 550 veteris
586 515 750 551 historiae
776 516 911 560 Midas,
933 517 1065 565 quique
1090 518 1126 552 in
1149 517 1386 565 compluribus
1410 533 1450 553 ex
1471 532 1554 553 auro
1575 518 1659 553 vasis
1682 527 1745 554 aut
1774 520 1880 555 etiam
1909 522 2048 557 coloriis

364 576 507 618 tabulis,
528 590 591 624 per
618 577 753 612 diversa
776 577 846 611 loca
872 578 1057 626 imaginem
1081 587 1175 613 tuam
1197 579 1449 614 charaxamlam
1477 594 1597 622 curas,
1621 588 1680 614 tua
1701 594 1746 614 ne
1768 580 1926 627 dogmata
1949 596 2051 630 agno·

363 636 454 671 seis?
481 636 741 672 circumscribis
771 652 815 671 ne
845 653 915 673 una
946 652 1028 673 cum
1056 639 1107 673 his
1135 639 1287 674 animam
1317 640 1435 675 tuam?
1459 640 1510 674 vel
1538 641 1623 674 hacc
1651 654 1669 674 a
1699 654 1842 688 corpore
1871 650 1930 676 tuo
1957 657 2051 690 sepa-

363 699 485 733 ratur?
506 698 600 746 quod
622 699 712 733 idem
735 707 780 733 cst
805 714 845 733 ac
867 700 1004 742 dicere,
1026 700 1169 734 moreris
1190 715 1234 735 nc
1258 702 1345 736 dum
1366 703 1449 737 haec
1473 702 1543 750 agis
1557 731 1564 745 ,
1589 717 1633 737 an
1656 704 1781 738 secus?
1801 702 1951 738 Utinam
1970 719 2049 739 vero

365 759 477 792 statim
504 759 773 807 dirumpereris,
797 774 840 794 ne.
863 760 942 794 talia
963 760 1127 795 adversus
1151 761 1374 797 Christianos
1396 764 1568 811 patrares!
1597 763 1749 809 Qualem
1770 778 1873 812 porro
1898 764 2050 799 animam

363 819 489 854 habeas
504 848 512 862 ,
535 828 654 854 utrum
682 820 866 862 caninam,
889 834 934 854 an
956 820 1113 863 suillam,
1134 835 1178 856 an
1201 822 1350 857 alicuius
1379 823 1540 858 silvestris
1570 825 1680 866 serae,
1703 823 1774 872 ipse
1804 824 1935 860 videas:
1962 833 2051 860 cete-

364 880 488 928 roqui,
518 881 609 928 quod
639 881 725 915 dum
754 881 797 915 ita
826 880 1002 928 loqueris,
1031 881 1295 917 irrationalibus
1324 884 1557 919 animantibus
1586 884 1772 919 absurdior
1800 885 1866 927 sis,
1895 885 2049 933 ferisque

364 941 545 983 acerbior,
568 949 752 989 propterea
780 941 874 989 quod
903 941 1040 976 abiecto
1069 941 1166 976 omni
1188 942 1259 977 Dei
1281 944 1405 978 timore
1434 944 1634 979 universam
1661 944 1946 980 Christianorum
1973 945 2052 980 reli-

365 1001 505 1045 gionem
534 1015 734 1049 oppugnas,
758 1001 921 1050 equidem
946 1001 1170 1036 vehementer
1198 1002 1356 1039 adfirmo.
1385 1004 1517 1039 Nonne
1545 1006 1723 1052 oportebat
1753 1014 1786 1040 te
1816 1015 2051 1041 consentanea

365 1062 460 1096 saetis
489 1062 556 1096 tuis
584 1070 616 1096 ct
644 1061 783 1110 opinari
812 1071 845 1096 et
872 1062 1019 1097 dicere?
1043 1076 1117 1097 non
1144 1071 1265 1098 autem
1292 1063 1432 1099 tibimet
1459 1079 1499 1100 ac
1526 1066 1665 1100 veritati
1694 1066 1933 1110 contrarium,
1954 1068 2049 1102 aliud

363 1122 507 1169 quidem
527 1136 645 1169 agere,
667 1122 763 1157 aliud
784 1121 1041 1169 dogmatizare?
1065 1122 1105 1156 Si
1129 1136 1209 1170 ergo
1233 1123 1302 1171 ipse
1323 1124 1413 1159 hanc
1437 1125 1499 1159 tibi
1521 1139 1595 1160 rem
1616 1140 1688 1161 non
1709 1128 1918 1174 persuades,
1940 1129 2051 1163 multo

366 1183 482 1217 minus
511 1183 586 1217 aliis
613 1184 840 1231 persuaseris.
869 1182 968 1229 Quin
990 1183 1093 1218 etlam
1116 1183 1154 1218 111
1175 1184 1289 1232 pretio
1312 1185 1434 1219 haberi
1462 1194 1567 1234 atque
1595 1187 1761 1221 honorari
1785 1187 1951 1235 imagines
1972 1198 2050 1224 tuas

363 1243 516 1287 iussisti,
537 1258 626 1292 quae
649 1253 681 1279 te
705 1244 892 1279 mandante
914 1253 998 1280 sunt
1025 1245 1135 1280 factae
1150 1273 1158 1287 ,
1180 1259 1249 1280 nec
1270 1245 1344 1281 leve
1366 1260 1501 1294 poenae
1523 1247 1722 1295 periculum
1749 1248 1799 1282 illi
1827 1248 2052 1296 impendebat

363 1304 426 1351 qui
454 1304 555 1339 iussis
584 1305 652 1340 tuis
680 1319 811 1340 morem
839 1319 911 1341 non
941 1314 1088 1353 gereret.
1118 1305 1272 1341 Prorsus
1300 1314 1340 1341 ut
1369 1307 1425 1342 ille
1453 1308 1628 1356 superbus
1656 1322 1694 1343 ac
1723 1309 1889 1344 barbarus
1916 1310 2053 1357 babylo-

363 1365 467 1407 nius,
490 1365 592 1401 cuius
614 1366 718 1401 etiam
745 1381 825 1401 vere
853 1380 967 1402 mores
997 1367 1287 1416 iracundiamque
1317 1368 1522 1411 aemularis,
1545 1368 1607 1417 qui
1633 1369 1768 1404 celebre
1797 1368 1885 1404 illud
1915 1370 2054 1405 simula-

322 1454 327 1458 .
365 1440 464 1461 crum
491 1427 691 1467 fabricavit,
721 1436 947 1476 erectumque
976 1428 1111 1463 adorari
1140 1429 1338 1471 mandavit,
1367 1438 1478 1464 morte
1507 1430 1728 1465 acerbissima
1757 1430 1797 1465 iis
1826 1430 1965 1465 decreta
1989 1431 2053 1479 qui

365 1487 481 1522 edicto
510 1502 582 1523 11011
610 1488 854 1524 obedivissent.
884 1488 1070 1537 Propterea
1093 1497 1132 1524 tu
1160 1489 1221 1538 qui
1246 1488 1380 1525 Christi
1408 1490 1548 1525 iconem
1576 1490 1760 1533 deiecisti,
1781 1499 1948 1539 tuamque
1975 1492 2054 1526 sub-

364 1548 510 1584 stituisti
524 1577 532 1592 ,
554 1549 644 1584 nihil
664 1549 758 1584 aliud
783 1564 888 1598 quam
909 1549 1148 1585 Antichristus
1172 1550 1248 1585 iure
1270 1551 1465 1600 meritoque
1490 1552 1709 1600 reputandus
1732 1566 1775 1587 05.
1805 1550 1905 1597 Quot
1926 1561 2052 1587 mortes

362 1609 434 1657 pati
454 1609 619 1653 deberes,
641 1610 783 1646 1111111111
807 1611 877 1646 tuis
897 1611 1050 1645 111111111115
1078 1611 1240 1658 sigui-aris
1268 1620 1372 1660 atque
1398 1612 1597 1648 excuderis!
1627 1611 1699 1647 Sed
1725 1612 1821 1647 enim
1850 1621 1888 1647 tu
1919 1613 1962 1646 ob
1989 1613 2052 1647 im·

363 1671 529 1718 pietatem
559 1680 655 1706 tuam
689 1680 791 1720 atquc
825 1671 1039 1706 dementiam
1070 1672 1178 1707 semel
1206 1672 1323 1707 animo
1356 1682 1539 1715 mortuus,
1568 1672 1885 1708 innumerabilium
1916 1672 2054 1708 illarum

363 1731 529 1766 mortium
550 1746 654 1767 sensu
678 1733 827 1768 caruisti.
849 1731 946 1768 Haec
966 1733 1129 1768 adversus
1150 1733 1254 1768 istum
1274 1733 1320 1768 ita
1341 1733 1545 1782 opinantem
1563 1742 1818 1782 agentemque,
1837 1742 1913 1782 apte
1935 1741 1970 1768 et
1992 1747 2054 1781 pro

364 1792 508 1834 merito,
539 1801 577 1828 ut
605 1793 777 1836 arbitror,
805 1793 902 1828 dicta
929 1794 1009 1829 sint.
1040 1793 1113 1828 Sed
1141 1794 1213 1829 iam
1244 1802 1382 1842 tempus
1412 1803 1464 1830 est
1493 1795 1701 1830 transeundi
1729 1795 1771 1829 ad
1800 1794 2057 1843 propositarum

364 1854 611 1901 quaestionum
634 1855 902 1890 distinctionem
927 1864 962 1890 et
989 1855 1263 1904 expositionem,
1287 1870 1330 1890 ne
1356 1856 1489 1891 diutius
1514 1870 1628 1891 sermo
1652 1857 1696 1891 110
1721 1856 1774 1890 1115
1798 1856 1991 1890 disseratur.

470 1915 527 1951 28.
550 1915 783 1964 Perspicuum
802 1917 851 1964 (1)
873 1925 924 1951 est
946 1916 1053 1964 igitur
1074 1916 1135 1959 iis,
1153 1916 1215 1965 qui
1236 1916 1354 1951 sobria
1377 1925 1496 1952 mente
1517 1918 1536 1937 ‘¹‘
1555 1925 1657 1959 sunt,
1678 1924 1718 1951 ut
1737 1916 1774 1950 in
1794 1915 1972 1964 praesenti
1990 1923 2056 1950 tra·

364 1976 515 2011 eratione
544 1977 616 2012 dici
640 1987 775 2026 potest,
798 1978 1031 2026 archetypum
1051 1991 1124 2012 csse
1146 1977 1359 2025 principium
1383 1986 1415 2012 et
1439 1977 1633 2025 exemplar,
1655 1976 1752 2025 quod
1775 1990 1836 2024 per
1858 1990 1891 2010 50
1915 1976 2032 2010 existit
2047 2005 2054 2017 ,

366 2037 442 2072 eius
463 2038 592 2073 formae
614 2053 704 2087 quae
726 2039 767 2074 ab
791 2039 864 2087 ipso
888 2038 1111 2086 exprimitur,
1133 2047 1165 2073 et
1185 2037 1427 2081 derivationis,
1446 2053 1534 2087 quae
1553 2038 1586 2073 ei
1606 2038 1792 2073 assimilata
1813 2045 1883 2079 est,
1905 2049 2054 2071 causam.

366 2098 537 2134 Definitio
561 2107 681 2134 autem
708 2099 866 2147 imaginis
894 2100 977 2134 haec
1001 2099 1087 2142 erit,
1109 2108 1148 2134 ut
1176 2099 1218 2134 110
1246 2099 1286 2134 115
1314 2114 1402 2148 quac
1431 2108 1503 2134 arte
1532 2100 1645 2136 siunt,
1668 2099 1739 2134 dici
1768 2106 1897 2146 potest:
1922 2098 2054 2144 imago,

366 2160 528 2208 inquam,
557 2169 608 2195 est
634 2160 827 2196 similitudo
855 2161 1056 2209 archetypi,
1083 2174 1172 2209 quae
1201 2160 1238 2195 in
1266 2175 1301 2195 50
1329 2169 1438 2195 totam
1465 2160 1620 2208 speciem
1646 2159 1715 2194 sive
1744 2161 1889 2194 sormam
1918 2158 2057 2205 figurati

366 2235 428 2268 per
448 2221 731 2257 assimilationem
759 2222 940 2271 exprimit,
961 2222 1032 2257 sola
1059 2222 1253 2257 diversitate
1276 2221 1494 2257 substantiae
1515 2221 1714 2256 secundum
1736 2220 1915 2254 materiam
1943 2219 1984 2254 ab
2015 2234 2055 2254 eo

365 2280 572 2318 differente:
589 2291 648 2318 aut
669 2283 817 2319 imitatio
839 2283 1017 2332 archetypi
1039 2292 1073 2318 et
1094 2283 1314 2325 assimilatio,
1334 2282 1530 2318 substantia
1552 2296 1590 2318 ac
1611 2282 1770 2318 subiecto
1793 2282 1975 2317 disserens:
1995 2289 2056 2316 aut

365 2341 448 2376 artis
477 2343 626 2377 effectus
654 2344 855 2380 secundum
876 2344 1104 2379 imitationem
1124 2345 1301 2393 archetypi
1328 2346 1492 2379 formatus
1507 2373 1515 2387 ,
1539 2344 1734 2379 substantia
1754 2351 1868 2378 tamen
1892 2351 1925 2376 et
1945 2341 2058 2377 subie-

367 2410 423 2436 cto
445 2401 619 2439 disserens.
649 2404 727 2440 Risi
749 2406 841 2440 enim
863 2405 977 2454 aliqua
1005 2405 1043 2439 in
1073 2419 1110 2439 rc
1139 2405 1299 2440 differret
1314 2435 1321 2449 ,
1344 2420 1416 2441 11011
1438 2405 1550 2452 imago
1576 2419 1642 2440 nec
1671 2404 1764 2439 aliud
1792 2403 1898 2452 quid,
1921 2410 2057 2451 praeter

366 2477 472 2512 quam
499 2466 747 2514 archetypum,
776 2476 875 2503 esset.
907 2467 969 2502 Sic
999 2467 1108 2514 igitur
1137 2468 1270 2515 imago,
1299 2467 1493 2503 similitudo
1523 2476 1557 2502 et
1584 2468 1693 2502 forma
1721 2474 1774 2500 est
1803 2465 1846 2499 ab
1875 2465 1936 2506 iis,
1965 2477 2055 2512 quac

366 2538 428 2572 per
451 2540 484 2560 se
509 2535 611 2569 sunt,
635 2542 803 2575 expressa.

473 2599 530 2635 29.
560 2586 696 2622 Idolum
716 2602 796 2623 vero
818 2589 912 2625 fictio
934 2603 1058 2625 eorum
1078 2604 1168 2638 quae
1189 2603 1261 2624 non
1285 2590 1441 2625 existunt
1460 2603 1576 2638 neque
1598 2602 1661 2637 per
1682 2601 1716 2622 se
1744 2594 1826 2622 sunt
1849 2587 1919 2635 (2):
1943 2586 2058 2621 cuius-

446 2679 481 2708 (1)
500 2679 538 2705 Ex
559 2679 610 2705 110(-
630 2678 762 2706 vocabulo
782 2688 868 2714 usque
888 2680 920 2707 ad
942 2681 1020 2708 verba
1035 2681 1121 2708 simul
1141 2682 1332 2708 inhonoratur
1351 2685 1426 2716 (cap.
1444 2684 1508 2711 30),
1529 2684 1685 2715 excerptum
1701 2688 1732 2706 ex
1748 2688 1798 2706 ms.
1814 2678 1968 2713 Nieephorn
1987 2682 2060 2705 extat

367 2724 451 2750 latine
471 2725 515 2751 Fr.
537 2724 672 2751 Turi-iano
691 2729 815 2757 auctore,
837 2725 909 2760 apud
930 2727 1070 2754 canisium
1091 2727 1179 2762 antiq.
1200 2727 1262 2753 leet.
1284 2726 1326 2753 ed.
1346 2727 1463 2760 Basnag.
1482 2727 1513 2751 T.
1532 2726 1567 2751 ll.
1586 2729 1654 2759 part.
1672 2728 1697 2751 2.
1716 2733 1741 2759 p.
1761 2728 1805 2756 15,
1823 2732 1904 2758 quem
1926 2723 2058 2757 interpre-

367 2771 437 2799 tem,
459 2769 552 2802 paucis
573 2769 698 2800 mutatis,
720 2768 838 2794 libenter
857 2777 965 2804 sequor.

448 2816 483 2843 (2)
502 2813 546 2839 510.
562 2813 643 2840 etlam
659 2814 805 2839 Mss(·{lrills.
828 2815 935 2839 lii'szm
954 2816 1133 2843 elwnroern'rcu
1151 2818 1300 2852 πρᾶγμ-κως
1319 2817 1375 2842 ἐστὶ
1392 2817 1561 2846 &istruna-‘5131
1582 2814 1688 2841 'idolam
1706 2815 1748 2839 7·Ρὶ
1765 2813 1969 2839 insubsistentia·
1982 2812 2060 2846 flqll·

369 2858 444 2882 ratio
464 2859 513 2883 pst.
535 2860 568 2884 'so‘
585 2861 630 2893 μέν
646 2858 744 2884 εἴδωλα)
760 2859 876 2893 οὐδεμίαν
893 2861 1033 2886 &mmmm
1052 2863 1122 2896 3²7}ss
1144 2861 1251 2888 nnllam
1273 2861 1360 2887 habet
1376 2861 1586 2887 subsistenliam
1609 2859 1725 2885 idolam.
1748 2860 1782 2885 Et
1801 2866 1879 2885 mox:
1902 2859 1986 2885 ἐπειὶά
2001 2857 2061 2883 Ἓλ-

368 2905 438 2933 ληνες
461 2903 654 2931 ἀναπλάττουσι
678 2916 721 2935 τρι,-
743 2904 790 2940 οὐχ
812 2905 963 2940 ’,Σςεστώσκς
983 2909 1099 2941 (foggin
1123 2909 1237 2942 σςίγγας
1259 2918 1325 2937 τινας
1348 2908 1390 2932 xxi
1414 2906 1542 2941 τρίτα-νας·
1563 2905 1696 2940 Aias-57:⁷12.
1719 2906 1742 2930 δέ
1770 2913 1996 2938 κυνοπροσκτιυς,
2016 2913 2058 2928 ²²³
