2203 3331
260 1731 298 1751 Cr,
311 1737 335 1757 p.
351 1735 382 1751 515.

200 2455 207 2462 “
226 2453 270 2473 Luc
294 2454 376 2480 dialog.

199 2480 217 2499 1)
243 2481 297 2501 ΜΗ.

442 203 506 237 1θὶ
1029 216 1056 238 s.
1082 209 1251 239 ,ἐκεί-ηοω
1278 209 1514 238 Arotoesricus'

440 270 531 304 titius
560 277 690 317 patrem
719 269 872 305 filiorum
896 279 1099 307 voratorem.
1128 271 1323 307 Mirabitur
1352 284 1432 305 eum
1459 271 1583 318 aliquis
1612 264 1678 306 iam
1706 265 1932 309 multisormes
1960 267 2103 307 fraudes

437 330 676 372 omittentem,
698 330 801 365 cuius
829 331 1080 367 abominandae
1103 341 1135 367 et
1157 331 1331 367 illusoriae
1357 332 1455 365 fuere
1477 331 1692 379 praestigiae.
1721 332 1805 368 Avis
1823 344 1934 382 quum
1953 333 2100 368 voluerit

437 391 493 425 bic
517 390 612 425 Deus
633 390 716 438 ipsis
737 392 820 434 siet,
842 401 922 427 cute
944 392 1077 441 bispida
1100 402 1133 428 ct
1159 393 1288 434 alatus,
1312 392 1416 440 idque
1438 392 1468 426 ei
1490 392 1684 428 iucundius
1703 394 1842 429 fortasse
1865 395 1949 436 erit,
1970 405 2099 441 nempe

433 459 471 485 ut
498 451 559 485 alis
580 451 764 500 pinnisque
792 453 834 487 sit
857 453 1069 497 instructus,
1091 468 1159 501 quo
1182 453 1312 488 facilius
1333 452 1389 487 bic
1411 452 1619 487 mulierosus
1646 462 1753 488 amata
1780 449 1909 489 femina
1932 454 2094 502 potiaturu

432 510 573 545 Taurus
597 511 681 547 alias
703 512 862 559 corniger
883 514 1058 561 apparuit,
1081 514 1214 548 decoris
1237 514 1415 559 unguibus
1437 513 1619 561 longisque
1640 513 1782 549 auribus
1801 522 2030 562 perornatus;
2051 515 2092 549 δί*

433 580 494 605 cut
518 580 551 606 ct
578 572 663 607 alias
683 573 830 608 deorum
858 574 974 609 hircus
1001 575 1134 617 sactus,
1156 582 1193 608 ut
1222 574 1361 622 paribus
1389 574 1478 608 vitiis
1508 573 1711 617 convictus,
1735 582 1767 609 et
1794 574 1898 609 modo
1918 575 1966 609 sic
1987 573 2090 610 modo

430 631 516 666 alius
544 632 658 675 visus,
680 633 869 681 praestigiis
895 643 934 669 ut
955 634 1054 669 aiunt
1083 643 1205 676 utens,
1228 643 1262 669 et
1290 634 1425 682 quidvis
1453 633 1552 669 facile
1582 635 1748 677 effectus,
1768 649 1830 682 pro
1856 635 2021 670 varietate
2049 649 2090 670 ae

430 691 658 728 multitudine
682 694 909 742 cupiditatum
930 708 1071 729 suarum
1092 695 1217 728 formas
1240 695 1374 729 varians
1397 702 1500 742 atque
1524 703 1759 737 commutans,
1780 703 1819 730 ut
1840 696 1890 729 sic
1912 696 2006 744 turpi
2028 709 2089 730 suo

430 759 533 802 atque
562 753 804 801 intemperanti
825 755 923 801 genio
946 754 1150 801 indulgeret.
1179 754 1326 790 Utinam
1348 763 1381 789 et
1400 754 1509 802 vulpis
1531 755 1676 789 formam
1701 755 1971 803 adsumpsisset,
1994 756 2089 804 quod

429 811 462 846 ci
484 827 562 847 sane
584 813 707 848 licebat
728 814 842 848 fraudi
864 814 956 849 omni
978 823 1009 849 et
1029 814 1116 849 dolis
1137 815 1289 849 assueto!
1318 813 1460 850 Poterat
1482 822 1515 849 et
1536 828 1619 850 rana
1642 815 1740 850 nobis
1766 828 1928 863 apparere
1942 844 1949 857 ‚
1973 824 2007 850 et
2026 816 2091 850 luti

430 874 524 908 faece
546 873 735 921 implicitus
749 902 756 916 ‚
778 883 817 909 ut
838 875 954 909 multis
976 875 1118 909 insidias
1140 883 1282 910 struens
1296 902 1304 916 ,
1325 888 1342 908 a
1364 874 1503 911 nemine
1525 876 1664 922 agnitus
1684 884 1848 911 mutuum
1875 875 1994 910 dolum
2016 890 2088 911 non

430 942 614 981 pateretur.
644 934 702 969 Sic
733 935 827 969 enim
849 935 880 969 ei
902 935 1101 982 diligentior
1123 935 1235 969 cultus
1263 935 1352 969 foret
1378 935 1549 970 adbibitus
1570 950 1587 970 a
1610 935 1722 970 stultis
1749 945 1782 971 et
1809 950 1827 971 a
1855 935 1994 971 veritate
2015 937 2090 971 lon-

429 995 504 1041 gius
528 996 744 1037 errantibus,
765 996 826 1043 qui
852 996 950 1030 vanis
978 996 1102 1031 fabulis
1131 995 1301 1042 gaudent,
1323 1004 1356 1030 et
1384 996 1595 1031 daemonum
1614 996 1755 1031 fallaciis
1782 997 2086 1044 circumaguntur,

428 1055 597 1090 mendacii
625 1064 827 1099 auctorum,
849 1056 1024 1104 nequitiae
1054 1056 1307 1105 operariorum,
1331 1064 1364 1091 et
1393 1055 1430 1091 in
1459 1070 1538 1091 suos
1567 1070 1701 1092 errores
1728 1065 1903 1107 quotquot
1930 1057 2012 1106 ipsis
2034 1058 2088 1092 ad-

427 1116 597 1158 tendunt,
619 1117 815 1164 pertrahere
840 1117 1032 1152 solitorum.

528 1175 781 1212 Demonstrent
804 1178 905 1212 nobis
927 1177 1078 1213 Martem
1099 1192 1139 1213 ac
1160 1177 1356 1214 Bacchum:
1381 1178 1477 1214 illum
1500 1179 1641 1227 quidem
1668 1179 1772 1214 rebus
1798 1179 1933 1214 bellicis
1962 1180 2088 1227 praesi—

424 1235 587 1278 dentem,
610 1237 657 1270 ira
685 1250 724 1271 ac
746 1238 862 1272 furore
890 1238 1098 1286 spirantem:
1123 1247 1172 1274 est
1200 1239 1293 1274 enim
1320 1239 1393 1274 eius
1421 1239 1575 1274 officium
1601 1239 1709 1274 furias
1736 1247 1840 1288 atque
1867 1239 2087 1274 iracundiam

423 1297 656 1343 pugnantibus
684 1297 854 1334 subdere:
875 1299 970 1333 hunc
999 1307 1115 1334 tamen
1144 1299 1258 1347 ipsum
1278 1313 1297 1333 a
1317 1299 1516 1334 mortalibus
1542 1299 1782 1342 vulneratum,
1804 1308 1944 1347 captum
1970 1308 2085 1334 autem

423 1365 456 1390 et
484 1370 584 1391 aereo
612 1371 685 1391 vase
714 1366 747 1392 et
774 1358 924 1394 vinculis
952 1359 1110 1394 adultero
1132 1359 1247 1406 dignis
1268 1361 1309 1394 ab
1330 1360 1395 1395 alio
1416 1360 1604 1407 fuliginoso
1631 1360 1696 1395 deo
1724 1360 1962 1395 constrictum.
1991 1359 2086 1394 Alte-

423 1429 502 1450 rum
522 1431 602 1451 vero
626 1417 802 1453 ebrietatis
822 1419 1041 1469 principem,
1064 1420 1213 1455 absurdo
1234 1428 1336 1468 partu
1357 1428 1395 1454 ut
1417 1421 1503 1455 fatui
1524 1429 1649 1469 putant
1675 1420 1831 1463 editum,
1852 1420 2009 1455 sabuloso
2033 1434 2086 1455 ae-

421 1490 488 1524 que
516 1485 548 1511 et
575 1477 743 1521 ridiculo,
766 1479 860 1514 bunc
886 1479 1027 1527 inquam
1049 1480 1140 1528 turpi
1162 1489 1265 1529 atque
1288 1481 1455 1515 indecoro
1476 1480 1575 1516 cultu
1597 1489 1865 1530 prosequantur.
1893 1480 2083 1515 Maenadas

421 1545 540 1572 autem
562 1538 728 1586 quasdam
749 1540 978 1583 bacchantes,
1003 1540 1216 1589 Satyrosque
1241 1541 1274 1575 in
1296 1541 1349 1576 sui
1370 1540 1528 1576 numinis
1555 1542 1649 1576 festis
1677 1541 1822 1576 beluino
1843 1554 1937 1576 more
1961 1541 2084 1575 saltan-

423 1606 474 1632 tes
488 1626 495 1640 ‚
519 1607 552 1633 et
573 1598 710 1646 quidvis
730 1599 823 1634 aliud
854 1600 1019 1634 ebrietate
1041 1600 1188 1646 dignum
1208 1601 1245 1634 hi
1265 1614 1342 1635 vere
1365 1600 1453 1635 ebrii
1475 1600 1566 1636 circa
1589 1601 1787 1636 semivirum
1808 1600 1926 1636 Deum
1950 1601 2082 1636 furunt.

419 1657 569 1693 Prodeat
597 1659 631 1692 in
660 1672 779 1694 eorum
808 1668 1037 1707 conspectum
1064 1660 1290 1703 Mercurius,
1312 1661 1458 1696 deorum
1484 1661 1630 1696 fortasse
1656 1661 1734 1709 ipsis
1761 1661 1977 1703 carissimus,
2001 1662 2082 1709 quia

418 1718 630 1753 lucrativum
653 1718 871 1762 existimant,
894 1728 926 1754 et
948 1728 1178 1755 mercatorem
1198 1721 1309 1756 solent
1329 1722 1502 1768 effingere.
1524 1720 1664 1756 Etenim
1684 1721 1721 1755 hi
1741 1721 1845 1756 sicuti
1865 1720 2014 1768 gloriae,
2036 1722 2082 1755 ita

416 1778 506 1813 lucri
531 1778 645 1813 studio
673 1780 917 1822 suffocantur,
940 1780 1113 1828 magisque
1141 1781 1351 1816 mercuriale
1378 1781 1444 1816 illis
1471 1781 1609 1816 videtur
1636 1781 1780 1816 materia
1808 1789 1842 1815 et
1870 1781 2081 1815 ornamentis

417 1840 506 1881 frui,
529 1854 633 1887 quam
662 1840 697 1874 in
726 1839 794 1875 Dei
814 1841 977 1888 religione
1000 1855 1120 1876 sanam
1139 1842 1352 1877 sententiam
1377 1842 1516 1877 habere.
1544 1841 1764 1877 Fabulentur
1785 1849 1887 1890 atque
1910 1842 2080 1876 admiren-

417 1908 473 1933 tur
502 1899 662 1935 Herculis
683 1909 914 1948 conceptum,
937 1901 1035 1936 cuius
1056 1915 1158 1936 causa
1181 1901 1368 1949 appellatus
1389 1901 1457 1936 fuit
1481 1901 1706 1938 trinoctialis:
1730 1901 1803 1937 illos
1826 1902 1929 1935 etiam
1948 1901 2079 1936 labores

415 1960 488 1994 eius
509 1961 638 1995 multos
666 1969 893 2003 enumerent,
915 1962 956 1996 ob
984 1975 1071 2009 quos
1091 1961 1188 1996 Deus
1208 1962 1249 1996 ab
1269 1961 1374 1996 atheis
1395 1970 1445 1996 est
1466 1962 1690 1997 existimatus
1719 1961 1922 1996 Producant
1947 1962 1983 1996 in
2011 1974 2079 1996 me-

414 2019 512 2055 dium
535 2034 709 2056 armorum
736 2021 890 2070 bellique
911 2022 1097 2057 studiosam
1119 2021 1291 2056 Palladem
1305 2051 1312 2064 ,
1335 2036 1426 2070 quae
1447 2022 1606 2069 aegidem
1634 2022 1737 2056 babet
1765 2022 1966 2070 pretiosam,
1988 2023 2078 2057 senii

415 2090 611 2128 expertem,
634 2090 736 2130 atque
766 2083 1015 2125 immortalem,
1042 2090 1261 2130 ceteramque
1288 2091 1516 2125 armaturam,
1538 2096 1697 2130 quaeque
1726 2082 1911 2131 pavoribus
1939 2083 2078 2117 terrori-

413 2142 547 2190 busque
576 2142 734 2191 undique
764 2143 934 2190 cingitur,
958 2144 1163 2179 immensum
1185 2143 1421 2192 spectantibus
1443 2144 1621 2179 incutiens
1650 2152 1805 2190 inetum3
1829 2143 1992 2179 facillime
2019 2144 2076 2178 ho-

414 2202 522 2237 stium
550 2203 734 2250 phalanges
762 2203 955 2249 invadensg
984 2204 1055 2239 illos
1082 2204 1270 2247 adiuvans,
1299 2217 1450 2253 quorum
1479 2217 1601 2239 curam
1629 2204 1739 2252 gerit;
1768 2203 1852 2239 alios
1879 2203 2075 2245 ulciscens,

414 2276 501 2309 quos
523 2272 714 2309 aversatur3
738 2278 942 2312 magnopere
971 2265 1187 2314 graviterque
1215 2265 1392 2300 adversans
1420 2265 1495 2300 aliis
1523 2265 1607 2307 diis,
1628 2265 1689 2312 qui
1714 2279 1776 2313 pro
1801 2265 1954 2299 hostium
1975 2264 2076 2311 parti-

414 2322 479 2357 bus
506 2331 607 2359 stant.
636 2323 824 2359 Undenam
849 2339 930 2360 vero
959 2325 1057 2360 istius
1084 2325 1242 2360 nativitas
1271 2325 1491 2372 contigisset,
1515 2325 1581 2359 nisi
1608 2325 1681 2360 ictu
1713 2333 1817 2373 caput
1842 2324 1956 2359 insani
1982 2323 2073 2359 Iovis

413 2381 594 2418 Vulcanus
623 2384 729 2419 mirus
757 2385 877 2421 artifex
904 2386 1013 2434 perite
1041 2386 1231 2432 divisisset;
1252 2399 1460 2434 quamquam
1487 2385 1614 2420 divisor
1640 2399 1658 2419 a
1686 2385 1877 2432 significato
1904 2384 2071 2432 promisso

412 2443 565 2490 percussi
588 2444 715 2478 excidit
741 2446 767 2479 ᾖ.
793 2444 891 2480 Parit
912 2454 1028 2481 autem
1055 2446 1191 2481 facilius
1220 2445 1292 2494 ipsa
1319 2446 1413 2493 virgo
1434 2445 1705 2480 Erichthonium
1727 2445 1912 2493 diphyem,
1934 2453 2072 2492 porten-

412 2511 485 2538 tum
507 2503 600 2538 aliud
620 2504 797 2551 prioribus
817 2506 922 2553 magis
944 2506 1133 2541 ridiculum
1155 2515 1191 2541 et
1211 2506 1424 2542 incredibile.
1449 2505 1594 2554 Sapiens
1612 2505 1704 2554 apud
1725 2519 1784 2540 eos
1807 2513 1840 2539 et
1860 2517 2006 2551 magnus
2027 2505 2069 2540 sit

412 2562 636 2606 Salmoneus,
656 2573 773 2599 contra
792 2565 871 2600 deos
890 2567 1114 2614 superbiens,
1133 2575 1165 2601 et
1184 2567 1219 2601 in
1239 2567 1303 2602 hac
1323 2566 1484 2602 inferiore
1503 2566 1643 2613 regione
1661 2565 1824 2613 strepitus
1848 2564 1961 2608 ciens,
1981 2579 2068 2600 novo

409 2624 601 2671 excogitato
629 2625 823 2660 tonitruum
850 2640 889 2661 ac
916 2627 1093 2674 fulgurum
1119 2627 1277 2662 artificio.
1306 2627 1374 2662 Hic
1401 2635 1518 2662 tamen
1544 2640 1625 2661 suae
1653 2625 1814 2660 adversus
1841 2625 1923 2660 deos
1951 2625 2069 2673 gloria-

411 2684 516 2719 tionis
539 2685 733 2720 mercedem
758 2686 901 2728 retulit,
923 2701 939 2721 a
967 2687 1045 2722 love
1068 2687 1216 2722 fulmine
1241 2688 1345 2723 ictus

510 2744 640 2780 Rbeam
668 2746 768 2781 nobis
796 2745 941 2782 deorum
967 2756 1114 2783 matrem
1134 2748 1339 2790 ostendant,
1362 2747 1506 2796 eiusque
1533 2746 1733 2781 inhonestas
1755 2754 1788 2781 et
1809 2754 1925 2794 turpes
1953 2745 2066 2780 initia-

409 2805 651 2855 tionesvatque
678 2807 860 2855 mysteria,
890 2807 1072 2855 impudicis
1100 2809 1317 2857 passionibus
1343 2822 1362 2842 a
1389 2806 1583 2856 Phrygibus
1609 2806 1826 2854 lymphaticis
1853 2805 2064 2853 furiosisque

409 2864 584 2901 celebrata.
613 2865 729 2916 Atque
751 2866 876 2902 horum
897 2867 1040 2917 quidem
1065 2868 1147 2904 alios
1168 2882 1292 2917 corpus
1320 2867 1440 2916 gladiis
1466 2867 1644 2911 incidere,
1666 2875 1705 2903 ut
1731 2866 1865 2903 cruenti
1890 2865 2066 2902 daemoni-
