2203 3331
741 167 805 192 1110
832 166 958 191 saxo-ns
985 164 1181 188 insomnes.
1735 153 1800 186 195

128 226 194 260 bus
214 224 283 260 suis
305 237 340 259 se
361 222 520 258 sistentes
543 221 774 269 insigniorem
796 222 933 258 cultum
955 219 1156 255 exhibeant:
1179 219 1260 253 alios
1284 228 1400 255 autem
1420 220 1503 255 tibia
1528 220 1575 255 eis
1598 219 1799 268 praecinen-

130 295 182 321 tes
206 294 239 320 et
259 284 474 326 mulcentes,
496 292 537 319 ut
559 283 610 319 sic
632 284 657 317 ii
678 284 740 332 qui
762 298 797 318 se
819 282 984 318 incidunt
1011 279 1172 321 deliniti,
1195 280 1330 315 facilius
1353 281 1511 316 dolorem
1540 282 1670 323 ferant,
1693 287 1799 327 atque

129 345 171 381 ad
192 359 267 381 eam
288 344 431 380 caedem
452 344 671 386 incitentur,
693 353 728 379 et
751 343 896 392 impuris
919 339 1227 387 abominandisque
1250 341 1384 376 actibus
1413 343 1505 376 frena
1534 341 1700 375 relaxent.
1729 339 1799 373 Ne-

128 421 196 455 que
225 406 443 441 omittantur.
462 404 598 440 Cereris
626 405 761 439 fabulae
776 433 783 447 ,
806 404 867 439 ubi
895 402 1086 437 seminibus
1107 409 1361 436 consecrantur
1381 401 1628 449 mysteriorum
1651 407 1776 434 statuta
1791 428 1798 438 ,

130 476 163 502 ct
182 475 291 502 noctu
314 466 528 501 initiationes
548 480 588 500 ac
611 465 840 500 caerimoniae
862 465 971 505 fiunt,
993 476 1045 496 res
1066 475 1207 509 prorsus
1229 470 1332 495 nocte
1355 461 1500 508 dignae,
1522 476 1608 510 quae
1631 469 1799 495 vocantur

128 527 299 570 cerealia,
327 526 522 569 eleusinia,
549 535 652 574 atque
681 525 865 574 mysteria,
895 538 938 559 ne
967 522 1047 572 quis
1076 522 1244 556 admissus
1274 530 1379 570 atque
1410 523 1565 556 initiatus
1593 536 1717 556 arcana
1746 521 1799 555 illa

127 588 281 636 profanis
304 588 442 623 revelet.
465 586 554 621 Iuno
575 586 812 635 spectabitur,
832 585 980 634 pedihus
1002 583 1136 631 duplici
1159 581 1290 617 incude
1313 582 1475 628 alligatis,
1498 583 1729 630 manibusque
1750 582 1800 615 in-

125 649 261 684 solubili
291 657 413 684 catena
442 647 658 690 constrictis,
678 647 731 682 sic
758 647 800 681 «le
827 646 923 681 caclo
952 659 1117 693 suspensa
1145 653 1245 692 atque
1273 658 1292 678 a
1323 643 1401 678 Iove
1431 644 1573 691 punita;
1597 657 1702 691 quam
1724 657 1800 690 poe-

125 724 205 745 nam
234 719 374 759 propter
402 709 604 757 zelotypiam
633 709 721 743 circa
749 707 939 743 Herculem
968 706 1118 754 patitur,
1141 719 1212 754 quo
1242 714 1397 753 tempore
1419 704 1469 738 illi
1489 705 1657 738 marinam
1685 703 1800 738 conci-

125 772 206 806 tavit
234 771 443 819 proeellam3
469 770 527 805 cui
550 771 654 805 etiam
674 769 785 803 ventis
814 769 979 817 imperare
1003 767 1228 809 concedunt,
1251 779 1442 814 somnoque
1464 765 1570 800 demn
1593 765 1799 799 fascinatum

123 832 342 880 opprimere,
365 846 407 866 ue
435 830 581 878 vigilans
610 829 825 878 periclitanti
853 829 1052 864 auxilietur.
1080 828 1273 864 Undenam
1302 841 1364 862 nos
1392 834 1528 861 ecataea
1555 834 1587 859 et
1615 839 1797 873 empusaea

120 893 269 927 absurda
297 901 331 927 et
359 892 527 926 deformia
556 891 741 925 terrebunt
770 890 1036 938 phantasmata?
1061 902 1151 937 quae
1179 888 1230 922 vel
1258 888 1328 922 solo
1351 888 1423 921 visu
1446 886 1613 921 attonitos
1640 886 1800 934 perterri-

122 962 245 1001 tosque
275 953 431 995 faciunt,
452 952 537 987 dum
564 951 772 1000 proceritate
800 951 963 986 videntur
993 958 1123 985 ceteros
1153 949 1320 984 excedere
1333 949 1348 983 ἶ)
1374 947 1421 982 Hi
1447 947 1593 995 quidem
1623 946 1799 981 terriculo-

120 1027 200 1048 rum
228 1022 411 1056 auctores,
433 1022 465 1047 et
492 1013 704 1060 serpentinis
733 1011 854 1047 nescio
874 1011 1002 1060 quibus
1025 1010 1198 1059 capitibus
1219 1009 1388 1058 praediti,
1412 1022 1492 1043 cum
1521 1007 1737 1042 simulatione
1766 1016 1799 1041 et

120 1074 234 1109 fabula
259 1089 318 1109 sua
349 1082 568 1109 evanescent.
596 1072 786 1107 Adducant
808 1081 840 1107 et
861 1072 1045 1107 adoratum
1065 1071 1201 1106 fulmen
1217 1099 1225 1113 ,
1249 1079 1282 1104 et
1305 1084 1322 1104 a
1343 1069 1515 1104 fulmineo
1541 1069 1688 1103 numine
1712 1082 1801 1103 com-

118 1136 258 1170 bustam
285 1135 468 1177 amasiam,
490 1148 557 1183 quo
586 1142 740 1181 tempore
768 1133 883 1167 rivalis
913 1132 1002 1167 luno
1030 1131 1190 1166 Semelae
1221 1131 1406 1166 consilium
1434 1130 1486 1164 vel
1514 1130 1630 1178 potius
1659 1129 1800 1164 exitium

120 1196 333 1238 insinuavit,
355 1195 499 1230 modum
526 1208 717 1241 suggerens
737 1208 807 1242 quo
828 1201 1017 1228 amatorem
1039 1192 1242 1240 exciperet,
1266 1201 1306 1226 111
1335 1191 1476 1238 gratiam
1505 1191 1545 1224 ab
1568 1204 1608 1224 eo
1630 1189 1800 1224 redditam

117 1257 265 1292 haberet
285 1269 411 1291 necem
439 1255 652 1291 fulmineam.
678 1253 856 1289 Videntur
883 1254 919 1288 hi
947 1254 1031 1288 mihi
1060 1253 1171 1295 velle,
1193 1253 1221 1286 si
1251 1261 1343 1287 certe
1372 1252 1483 1286 adhuc
1506 1251 1586 1299 ipsis
1615 1250 1799 1285 modestiae

117 1318 301 1364 vestigium
322 1316 467 1365 aliquod
488 1324 664 1364 superest,
687 1315 906 1350 mentionem
928 1315 1087 1350 omittere
1110 1313 1272 1348 vitandae
1294 1327 1373 1361 prae
1396 1312 1521 1348 ceteris
1545 1321 1576 1347 et
1598 1311 1800 1346 abominan-

116 1378 202 1421 dae,
230 1377 432 1412 nefandiore
460 1391 499 1411 ac
529 1377 683 1424 turpiore
712 1376 843 1410 ratione
873 1375 1009 1422 genitae
1038 1374 1147 1417 deae,
1175 1374 1341 1421 festisque
1370 1373 1522 1407 absurdis
1552 1381 1583 1407 ct
1613 1373 1799 1407 infamibus

115 1438 254 1480 cultae,
277 1438 378 1472 cuius
406 1445 544 1472 veteres
572 1436 779 1471 detestantes
807 1435 1003 1478 lasciviam,
1026 1444 1183 1470 scortum
1208 1435 1334 1469 merito
1362 1434 1560 1469 vocitavere
1575 1462 1583 1476 ,
1604 1433 1695 1479 vulgi
1720 1447 1798 1481 pro-

113 1498 281 1533 stibulum
303 1507 335 1533 et
355 1498 543 1546 viripetam.
565 1497 728 1532 Fortasse
749 1496 854 1532 nobis
872 1496 979 1532 etiam
999 1496 1220 1531 dodonaeum
1238 1509 1372 1530 numen
1395 1495 1597 1541 confingent
1612 1523 1619 1537 ,
1641 1504 1674 1529 et
1694 1509 1797 1543 quer-

115 1571 199 1593 cum
220 1558 314 1593 illam
334 1572 420 1592 vana
443 1566 686 1599 resonantem,
708 1565 741 1591 ct
767 1557 902 1592 vatibus
924 1570 1015 1606 quae
1040 1556 1249 1604 eloquantur
1269 1570 1330 1604 pro
1353 1555 1497 1590 arbitrio
1526 1569 1588 1589 suo
1614 1569 1797 1602 suggeren-

115 1628 195 1653 tem.
223 1617 433 1666 Rursusque
460 1626 614 1653 statuam
641 1617 818 1666 quandam
846 1618 914 1652 alte
944 1617 1195 1658 constitutam,
1216 1630 1273 1650 vas
1300 1629 1451 1650 aeneum
1474 1616 1567 1662 virga
1595 1615 1798 1663 percutien—

114 1689 186 1714 tem
215 1679 348 1714 musico
370 1687 547 1714 concentu
570 1692 758 1721 resonans,
780 1692 823 1713 ne
843 1686 961 1712 statua
988 1677 1153 1726 deinceps
1176 1685 1293 1718 muta,
1317 1676 1378 1711 sed
1406 1677 1494 1711 bene
1523 1678 1626 1711 immo
1647 1677 1797 1712 multifa-

112 1739 203 1774 riam
230 1739 358 1774 vocalis
381 1740 423 1773 ah
445 1739 526 1787 ipsis
549 1739 771 1774 existimetur,
794 1738 952 1774 Ubinam
979 1737 1131 1786 delphici
1154 1737 1303 1785 tripodis
1325 1736 1582 1772 deliramenta?
1606 1736 1796 1772 Undenam

112 1800 205 1848 ipsos
228 1799 353 1848 Pythia
374 1799 591 1847 alloquetur,
615 1799 757 1834 timidos
781 1799 975 1847 stultosque
997 1798 1205 1845 decipiens?
1232 1797 1386 1832 Ubinam
1407 1797 1511 1832 fontis
1537 1797 1679 1831 Castalii
1702 1798 1796 1832 sabu-

110 1861 181 1895 losa
210 1869 243 1895 et
271 1860 428 1895 illusoria
458 1868 616 1908 spectra,
643 1860 686 1894 ab
715 1859 842 1894 incolis
870 1860 1100 1894 daemonibus
1128 1858 1199 1893 illic
1228 1859 1399 1906 expirata.
1429 1867 1461 1892 ct
1491 1872 1604 1906 acque
1632 1873 1672 1893 ac
1699 1859 1794 1893 venti

111 1936 289 1970 auraeque
318 1935 436 1969 reapse
465 1921 729 1957 evanescentia?
756 1920 827 1956 Ubi
856 1919 1005 1968 Daphne
1030 1920 1168 1962 latebit,
1191 1934 1321 1967 quaeve
1351 1920 1442 1954 lianc
1474 1928 1562 1953 terra
1594 1934 1658 1954 ceu
1687 1929 1793 1953 mater

110 1983 187 2017 sinu
211 1996 275 2018 suo
297 1982 464 2017 miserans
485 1982 654 2029 excipiet,
677 1989 715 2017 ut
743 1990 931 2016 amatorem
953 1982 1032 2027 fuga
1052 1980 1162 2014 vitans
1185 1980 1380 2014 castitatem
1401 1989 1606 2022 conservet,
1630 1989 1661 2014 et
1688 1981 1794 2015 arbor

110 2044 244 2092 puellae
266 2044 478 2091 homonyma
500 2042 549 2077 illi
571 2043 797 2077 subnascatur
818 2051 948 2077 amatae
972 2042 1024 2076 rei
1046 2041 1189 2076 amissae
1212 2041 1376 2075 solatium
1387 2041 1402 2076 ζ’
1426 2040 1582 2075 Ubinam
1608 2055 1707 2075 nunc
1729 2040 1792 2076 Lo-

108 2104 185 2138 xiae
208 2103 265 2138 dei
294 2103 515 2138 vaticinantis
544 2102 685 2151 ol)liqua
715 2102 875 2145 oracula,
897 2102 1027 2150 quibus
1048 2102 1110 2150 qui
1131 2101 1278 2136 credunt
1308 2101 1412 2135 stulte
1440 2110 1542 2149 atque
1566 2101 1791 2150 insipienter,

110 2164 258 2212 imperia
285 2164 355 2212 ipsa
382 2164 496 2198 nescii
521 2164 750 2212 pessumdant
776 2165 804 2199 ᾇ.

212 2227 270 2270 40.
299 2225 417 2272 Atque
443 2232 481 2258 ut
502 2224 640 2272 reliqua
662 2232 940 2272 praetereamus3
964 2237 1044 2258 nam
1074 2223 1099 2257 si
1131 2223 1275 2271 plurima
1301 2223 1561 2266 discurramus,
1586 2224 1688 2258 nobis
1709 2238 1790 2272 quo-

107 2298 176 2332 que
207 2298 286 2319 011111
312 2284 451 2332 spurcis
480 2283 655 2319 eiusmodi
678 2293 712 2318 et
733 2283 975 2318 abominandis
1003 2284 1248 2317 commaculari
1273 2298 1310 2317 ac
1332 2283 1464 2318 foedari
1488 2284 1688 2330 continget3
1711 2285 1787 2319 heic

106 2347 215 2379 ferme
244 2358 441 2379 sermonem
462 2345 505 2379 de
526 2344 580 2379 his
604 2344 880 2387 concludemus,
903 2344 1191 2393 quandoquidem
1215 2353 1247 2377 et
1269 2344 1349 2378 olim
1373 2344 1455 2379 haec
1486 2344 1589 2379 certis
1618 2344 1786 2380 limitibus

107 2406 373 2454 circumscripta
403 2414 499 2443 erant
529 2416 561 2440 et
588 2406 728 2440 silentio
756 2405 876 2441 velata.
907 2405 1053 2440 Constat
1078 2414 1195 2440 autem
1223 2405 1395 2453 quomodo
1424 2414 1457 2439 et
1486 2405 1600 2447 unde,
1625 2419 1787 2453 superve-

106 2467 226 2501 niente
248 2467 284 2501 in
306 2466 477 2501 mundum
497 2467 555 2501 illo
577 2480 682 2515 quem
703 2467 870 2514 propheta
892 2466 1108 2515 praedixerat
1129 2468 1162 2502 ³³:
1183 2473 1204 2486 ‘⁴
1229 2466 1427 2514 disperdam
1448 2467 1589 2501 nomina
1612 2467 1783 2503 idolorum

108 2554 132 2569 „
160 2526 203 2561 de
226 2535 336 2570 terra,
358 2541 477 2576 neque
505 2527 648 2562 illorum
671 2526 840 2575 deinceps
863 2526 1030 2562 memoria
1061 2527 1126 2561 erit
1151 2555 1173 2569 „
1196 2540 1275 2561 cum
1304 2526 1503 2561 salutiferae
1532 2528 1649 2562 crucis
1678 2528 1784 2575 gratia

106 2586 241 2630 illuxit,
264 2596 297 2623 et
318 2585 436 2623 divina
457 2602 719 2636 quaqueversns
742 2588 870 2622 diffusa
891 2587 1053 2622 doctrina
1076 2597 1147 2629 est,
1169 2587 1283 2622 omnia
1306 2587 1397 2622 idola
1418 2588 1515 2636 pulsa
1538 2589 1693 2631 fuerint,
1716 2589 1784 2624 eie-

106 2655 247 2694 ctaque,
267 2656 301 2683 et
321 2648 505 2683 oblivionis
526 2648 650 2696 abysso
671 2648 805 2683 tradita.
829 2648 921 2682 Nam
941 2648 970 2682 si
991 2649 1079 2682 forte
1102 2648 1214 2682 adhuc
1236 2656 1337 2691 sunt,
1357 2648 1601 2683 demonstrent
1623 2649 1782 2688 ubinam,

107 2716 140 2742 et
166 2709 258 2755 apud
288 2723 459 2757 quosnam
487 2710 675 2758 supersint.
705 2708 810 2755 Quod
837 2709 863 2743 si
892 2723 964 2744 non
995 2717 1097 2751 sunt,
1120 2709 1175 2744 uti
1203 2723 1322 2757 reapse
1344 2723 1414 2744 non
1442 2718 1546 2752 sunt,
1571 2724 1633 2744 cur
1660 2711 1785 2744 frustra

106 2768 348 2804 conviciantur
373 2770 604 2813 Christianis,
628 2771 843 2818 imputantes
865 2770 913 2805 eis
936 2784 996 2818 per
1020 2770 1283 2818 sycophantiam
1311 2779 1345 2804 et
1373 2771 1527 2805 veritatis
1557 2770 1786 2808 calumniam.

107 2842 195 2876 quae
224 2843 340 2878 neque
369 2831 530 2866 fecerunt
555 2844 671 2880 neque
695 2845 866 2879 umquam
888 2830 1154 2878 cogitaverunt?
1180 2829 1244 2865 Sin
1276 2839 1416 2873 contra,
1439 2831 1502 2879 ipsi
1530 2829 1648 2877 potius
1670 2839 1787 2864 errant

1658 2898 1669 2910 1

1837 1143 1874 1161 (at.
1892 1148 1913 1167 11Δ
1932 1145 1964 1163 ἢῆ,

1826 2181 1835 2188 ⁸
1851 2182 1956 2201 Croesus.

1820 2486 1828 2494 '
1846 2483 1903 2504 lasti

1932 2482 1991 2503 thl.
2013 2484 2032 2502 '2-
