2203 3331
718 178 781 200 mio
807 177 933 200 SANCTIS
960 176 1160 199 IMAGINJBUS.
1713 168 1782 201 239
1823 170 1826 171 ⁷

103 248 143 270 ac
164 235 308 270 veritate
330 232 499 269 confiunt.
522 231 630 268 Porro
654 241 686 268 et
708 232 949 281 unusquisque
971 231 1128 267 fidelium
1146 232 1258 266 saccrc
1279 241 1390 279 potest
1413 234 1603 282 spiritalem
1624 247 1782 269 mensam

106 310 164 330 cor
191 309 317 338 suum,
340 294 368 329 si
389 294 492 329 modo
515 294 777 329 accuratissime
801 302 935 330 everrat
956 307 995 328 ae
1016 300 1161 341 purget,
1185 300 1222 327 nt
1243 294 1490 340 superveniens
1512 294 1672 329 Verbum
1694 307 1781 343 pure

102 356 270 403 recipiat3
296 354 392 403 quod
415 354 699 389 intellectualiter
721 354 757 389 in
781 355 853 402 ipsa
875 353 1094 402 requiescat,
1118 360 1151 387 et
1172 352 1315 400 mystice
1345 353 1591 389 manducetur.
1619 353 1663 389 Et
1684 354 1780 403 panis

100 416 245 464 quidem
266 415 336 450 illic
359 429 499 463 azymus
522 429 603 450 cum
626 414 774 450 lactucis
801 415 1003 449 sumebatur
1025 414 1064 448 ab
1086 413 1127 447 iis
1150 413 1211 461 qui
1237 413 1382 447 herbam
1404 414 1506 449 edere
1529 415 1566 449 in
1590 415 1703 463 typico
1724 429 1781 463 pa-

102 477 218 511 schate
247 476 479 518 iubebantur,
503 490 567 511 ceu
590 476 734 524 opsonio
761 475 914 524 quodam
935 475 1041 509 herba
1064 474 1238 509 conditus.
1268 472 1355 508 Heic
1377 483 1496 510 autem
1519 475 1739 511 descendens
1762 491 1779 511 e

100 537 193 572 caelo
217 536 380 572 Verbum
406 538 526 572 cibum
547 537 816 572 immortalitatis
844 536 999 570 datorem
1024 534 1226 569 hominibus
1255 534 1501 583 suppeditans,
1524 549 1584 584 per
1611 551 1714 585 quem
1734 538 1780 572 vi·

101 606 170 631 tam
196 606 374 633 aeternam
403 598 622 647 participant.
653 597 752 632 Idem
778 610 925 632 massam
952 604 1104 631 nostram
1132 593 1376 637 fermentavit,
1400 603 1432 629 et
1453 596 1493 630 ad
1518 597 1703 645 proprium
1730 597 1779 632 di-

96 660 250 694 vinitatis
272 659 496 708 splendorem
524 658 787 694 immutabiliter
808 658 995 693 transtulit.
1024 657 1069 692 Et
1092 657 1162 692 illic
1186 657 1331 705 quidem
1359 656 1548 691 brutorum
1575 658 1778 693 animalium

99 720 292 755 immolatio
321 730 355 756 et
383 720 526 762 caedes,
555 733 706 768 quorum
733 719 872 767 sanguis
900 719 1119 754 adstantibus
1148 718 1364 753 irrorabatur
1381 745 1389 758 ,
1417 726 1520 766 atque
1548 719 1588 753 ad
1619 720 1777 767 corporis

97 781 383 828 purificationem
410 789 445 815 et
468 780 756 815 emundationem
776 780 917 828 adpergi
939 779 1090 821 solebat,
1113 787 1147 814 et
1169 778 1451 813 sacrificantibus
1472 778 1573 812 boves
1596 788 1655 813 aut
1676 794 1753 815 oves
1768 809 1776 822 ,

97 850 208 889 partes
229 856 320 890 quae
342 841 633 876 iustificationum
657 840 772 875 officio
800 841 1055 888 fungerentur,
1077 839 1152 874 (lari
1180 839 1372 874 iubebatur.
1400 837 1490 874 Heic
1519 847 1634 874 antem
1656 839 1777 874 immo-

96 901 163 936 lata
180 901 273 950 apud
292 915 355 936 nos
376 900 552 948 praeclara
572 900 734 943 victima,
755 900 858 935 cuius
876 900 1063 948 purissimo
1082 900 1301 948 pretiosoque
1321 899 1488 946 sanguine
1509 899 1774 946 consignamur,

96 970 130 996 et
158 962 254 997 omni
280 976 363 1009 ruga
391 976 430 996 ac
461 961 597 996 macula
625 961 761 996 animae
794 961 1017 1009 corporisque
1046 974 1246 1009 purgamur.
1277 959 1316 994 Si
1345 973 1427 1007 ergo
1453 960 1605 1008 symbola
1633 968 1773 1002 sancta,

92 1023 180 1072 quid
209 1023 247 1057 ni
273 1037 329 1058 res
356 1023 469 1071 ipsae,
491 1037 644 1071 quarum
673 1023 730 1058 illa
759 1032 843 1059 sunt
872 1022 1045 1071 symbola,
1068 1036 1140 1057 non
1171 1022 1240 1056 sint
1268 1022 1411 1056 omnino
1440 1021 1642 1056 sacratiores
1669 1030 1773 1070 atque

94 1084 315 1119 sanctiores?
345 1083 415 1118 Sed
443 1084 609 1132 quoniam
629 1097 702 1118 non
726 1083 976 1119 intellexerunt
1004 1083 1233 1130 insipientes,
1255 1096 1370 1131 neque
1395 1081 1511 1116 dicere
1534 1081 1653 1116 sciunt
1673 1095 1775 1129 quae-

92 1159 171 1181 nam
195 1145 399 1180 communio
424 1144 566 1179 Christo
589 1158 670 1180 cum
691 1144 819 1187 Belial,
838 1153 897 1180 ant
917 1144 990 1179 luci
1014 1158 1094 1179 cum
1118 1144 1285 1186 tenebris,
1303 1143 1356 1178 vel
1377 1157 1465 1191 quae
1489 1143 1673 1178 conventio
1690 1151 1774 1178 tem-

91 1206 139 1254 pli
160 1205 230 1241 Dei
259 1219 341 1241 00111
362 1206 463 1240 1110115
495 1206 681 1253 (nonduin
709 1207 802 1241 enim
832 1206 989 1241 sincerae
1018 1213 1157 1240 nostrae
1186 1205 1287 1248 fidei,
1310 1204 1526 1252 traditaeque
1555 1204 1655 1238 nobis
1678 1218 1696 1238 a
1717 1218 1773 1252 pa-

92 1267 205 1301 tribus
227 1267 430 1313 dogmatum
457 1267 703 1309 rectitudinis,
726 1275 758 1301 et
779 1266 968 1314 inspiratae
997 1266 1194 1314 scripturae
1223 1265 1433 1300 scrutandae
1463 1279 1545 1299 cura
1572 1265 1653 1312 ipsis
1678 1265 1768 1312 fuit)

90 1328 224 1362 idcirco
247 1328 393 1363 idolium
416 1343 489 1363 11011
513 1337 681 1364 verentur
708 1336 861 1363 nostram
888 1328 1044 1363 medelae
1070 1328 1248 1362 officinam
1269 1328 1447 1376 appellare.
1478 1326 1547 1362 Sed
1571 1328 1697 1376 pedem
1719 1342 1771 1363 re-

88 1389 240 1423 serentes
266 1402 386 1423 rursus
411 1389 453 1423 ad
479 1389 745 1424 tabernaculum
768 1389 958 1423 veniamus.

191 1448 273 1483 Post
294 1449 461 1491 alterum,
484 1449 622 1496 inquit,
643 1449 760 1484 velum
783 1448 1053 1484 tabernaculum
1076 1458 1167 1491 cratg
1190 1449 1225 1483 in
1247 1462 1336 1497 quo,
1358 1457 1494 1497 praeter
1516 1457 1648 1492 cetera.
1672 1458 1770 1484 crant

85 1509 192 1544 ctiam
211 1524 289 1543 arca
304 1538 311 1551 ,
336 1518 367 1544 ct
387 1510 668 1557 propitiatorium
683 1538 690 1552 ,
713 1510 782 1557 ipsa
804 1524 944 1558 quoque
967 1510 1009 1544 de
1032 1509 1305 1558 imputribilibus
1332 1509 1434 1556 lignis
1461 1510 1639 1544 fabricata.
1667 1510 1768 1545 Auro

44 1608 47 1609 ⁷
86 1579 205 1604 31110111
234 1569 421 1618 purissimo
443 1578 540 1604 erant
560 1578 721 1618 cooperta
736 1599 745 1613 ,
767 1579 801 1605 et
824 1578 943 1605 sancta
966 1579 1167 1605 sanctorum
1195 1570 1471 1618 appellabantur.
1499 1569 1669 1605 Nostrum
1689 1585 1767 1606 vero

85 1631 354 1665 tabernaculum
374 1631 503 1665 sanctis
525 1630 590 1665 illis
612 1639 816 1666 sanctorum
843 1631 1001 1666 sanctius
1023 1640 1075 1666 est
1097 1640 1131 1666 ct
1151 1631 1304 1666 divinius
1318 1659 1326 1674 ,
1348 1640 1383 1666 et
1402 1645 1504 1666 arcae
1525 1632 1668 1680 quidem
1688 1632 1766 1667 loco

84 1705 309 1727 §Axcrissnmn
331 1706 370 1726 ET
392 1705 557 1727 t'tVtFICArtt
583 1705 770 1726 SERVATonls
792 1705 903 1726 nosrtu
923 1705 1046 1726 01110511
1070 1705 1195 1727 mamm
1220 1705 1380 1726 CONTINET
1402 1693 1476 1740 (1)3
1501 1706 1591 1741 quae
1616 1694 1658 1727 ab
1687 1706 1765 1728 arca

86 1753 142 1787 illa
162 1753 271 1787 veluti
292 1752 394 1799 lignis
416 1751 694 1800 imputribilibus
714 1752 968 1795 denotabatur,
990 1752 1122 1801 quibus
1146 1752 1247 1787 nobis
1271 1752 1506 1800 impeccantia
1527 1762 1703 1802 tamquam
1725 1753 1763 1787 in

84 1814 208 1848 umbra
229 1814 471 1860 significatur,
494 1822 526 1847 et
547 1813 639 1861 quod
660 1813 702 1847 ad
725 1813 1021 1848 immortalitatem
1044 1813 1424 1862 impassibilitatemque
1446 1814 1605 1849 translati
1626 1828 1762 1860 sumns3

79 1873 371 1922 quandoquidem
393 1873 481 1907 uniti
502 1872 611 1908 Verbi
630 1873 775 1913 virtute.
794 1873 888 1922 qnod
910 1882 1058 1908 mortem
1079 1873 1269 1916 destruxit,
1290 1882 1322 1908 et
1346 1874 1580 1922 corruptelam
1599 1874 1762 1917 abstulit,

83 1935 126 1969 ad
155 1935 349 1969 inferorum
377 1934 538 1981 regiones
560 1943 669 1969 semet
691 1935 894 1974 conserens,
918 1935 1075 1983 apparuit
1104 1937 1205 1970 morti
1228 1935 1408 1983 superior3
1433 1944 1466 1970 et
1491 1935 1526 1970 in
1557 1936 1762 1983 corruptivis

81 1995 166 2029 locis
194 1995 325 2042 posita,
347 1995 683 2043 incorruptibilitatis
713 1995 853 2042 gloriam
881 1995 966 2030 inde
995 1996 1137 2041 retulitf.
1162 2004 1195 2030 et
1217 2009 1304 2030 auro
1321 1996 1435 2032 „veluti
1461 1996 1762 2044 splendidissimo,

80 2056 260 2090 divinitate
289 2055 564 2090 substantialiter
586 2056 686 2090 unita
701 2085 708 2098 ,
732 2064 893 2104 cooperta
914 2065 1019 2104 atque
1042 2057 1221 2091 illustrata.
1250 2055 1536 2104 Propitiatorium
1556 2057 1642 2091 item
1662 2057 1762 2092 nobis

80 2117 197 2164 ipsum
221 2116 402 2150 Christum
423 2115 521 2150 Deus
543 2124 639 2164 pater
661 2117 795 2165 posuitg
817 2117 888 2165 ipse
911 2118 1006 2151 enim
1029 2125 1081 2152 est
1100 2117 1299 2165 propitiatio
1321 2125 1448 2152 nostra.
1472 2116 1532 2152 Sic
1554 2118 1647 2152 enim
1668 2126 1762 2166 pater

80 2191 145 2211 nos
173 2176 320 2219 dilexit,
349 2176 514 2225 misitque
543 2177 655 2212 filium
684 2191 787 2212 suum
815 2178 1100 2226 propitiationem
1126 2192 1189 2226 pro
1220 2178 1372 2226 peccatis
1401 2178 1540 2213 nostris.
1571 2177 1643 2213 Sed
1673 2178 1761 2227 quid

78 2240 164 2273 11300
178 2267 186 2280 ,
209 2238 298 2286 apud
322 2246 439 2272 mente
463 2247 646 2286 corruptos
660 2267 667 2281 ,
690 2247 721 2273 et
744 2239 897 2274 animam
918 2248 1060 2287 peccato
1082 2248 1260 2275 mortuam
1281 2240 1466 2286 gerentes?
1486 2239 1699 2274 Reverentia
1720 2253 1760 2274 30

78 2308 196 2342 1110111,
225 2307 258 2334 01
285 2299 327 2333 de
355 2299 462 2334 rebus
490 2299 618 2334 sanctis
648 2300 807 2343 silentio,
834 2300 948 2334 honor
976 2315 1076 2348 saepe
1105 2300 1335 2348 praestandus
1365 2309 1425 2335 est.
1454 2300 1524 2348 Ipsi
1551 2309 1667 2336 tamen
1694 2314 1758 2349 pro

1799 1827 1837 1850 Gr.
1853 1834 1875 1854 p.
1893 1832 1939 1850 112.

79 2368 249 2394 consueta
279 2373 339 2393 5113
368 2359 562 2408 loquantur
590 2360 745 2395 audacia.
776 2360 851 2407 Age
879 2375 957 2395 vero
988 2361 1087 2395 nobis
1121 2361 1162 2395 ad
1192 2361 1288 2396 hunc
1316 2361 1434 2395 locum
1463 2361 1657 2409 provectis,
1685 2375 1758 2395 non
1803 2405 1807 2408 Δ

77 2420 251 2462 alienum,
274 2420 386 2454 visum
415 2428 463 2454 est
491 2420 619 2454 addere
647 2420 732 2455 huic
759 2421 934 2463 sermoni,
958 2422 1021 2456 etsi
1045 2421 1077 2455 id
1100 2421 1266 2456 nonnulli
1294 2421 1395 2470 paulo
1423 2430 1515 2456 extra
1543 2422 1758 2470 propositum

76 2480 153 2515 {ieri
175 2481 355 2529 putabunt
369 2510 376 2519 ,
400 2495 509 2529 pauca
531 2481 702 2529 quaedam
722 2481 884 2516 videlicet
905 2482 948 2517 de
970 2482 1013 2517 iis
1035 2496 1122 2530 quae
1144 2482 1178 2517 in
1202 2482 1426 2517 tabernaculo
1449 2491 1546 2517 erant
1567 2483 1756 2528 disserere:

78 2555 168 2590 qnae
196 2541 439 2589 insipientium
466 2542 666 2577 vecordiam
690 2550 723 2577 et
745 2542 959 2590 impietatem
988 2551 1197 2590 coarguent,
1218 2543 1380 2578 fidelibus
1409 2553 1526 2579 autem
1546 2553 1580 2579 et
1603 2544 1755 2579 veritatis

75 2601 250 2649 suppetias
274 2603 365 2637 serre
390 2603 577 2650 apparebit.

181 2675 236 2711 70.
265 2662 413 2698 Dictum
435 2672 485 2698 est
507 2663 615 2711 igitur
636 2665 678 2699 ab
700 2665 852 2712 apostolo
869 2666 904 2707 ᾗ,
924 2678 1026 2712 supra
1047 2678 1164 2700 arcam
1185 2663 1408 2701 Cherubinos
1432 2667 1582 2702 extitisse
1605 2666 1752 2714 gloriae,

73 2723 354 2770 propitiatorium
383 2725 643 2762 obumbrantes.
675 2725 744 2760 Cui
774 2726 1021 2761 contradicens
1043 2726 1195 2761 alicuius
1223 2727 1331 2762 oratio
1352 2727 1400 2763 ita
1420 2728 1525 2763 dicet.
1555 2726 1653 2773 Quid
1681 2727 1749 2770 ais,

152 2815 185 2844 (1)
206 2813 247 2839 En
267 2821 380 2841 carnem
399 2814 500 2842 Christi
521 2815 589 2843 dicit
607 2816 794 2851 Nicephorus‚
816 2825 898 2852 quam
921 2816 1011 2844 adhuc
1031 2815 1157 2844 hodierni
1176 2817 1304 2845 haeretiei
1324 2817 1419 2845 dicunt
1441 2826 1538 2854 panem
1557 2825 1631 2850 esse,
1651 2821 1678 2845 et
1696 2825 1752 2844 car-

70 2856 114 2883 nis
133 2856 259 2884 flauram.

1786 2678 1797 2688 “
1813 2677 1881 2698 Hebr.
1898 2678 1934 2698 IX.
1951 2682 1969 2698 fi.
