2203 3331
212 2308 250 2327 atr.
265 2314 288 2333 μ,
306 2311 336 2328 13.

386 170 449 202 ltili
974 174 1001 198 5.
1028 175 1199 198 memnoni
1225 175 1462 198 APOLOGETICUS

490 245 541 266 12.
572 229 663 275 Quis
693 229 830 275 ignorat
858 229 926 264 Dei
954 230 1132 265 inimicam
1161 239 1193 264 et
1218 230 1403 264 infaustam
1431 228 1647 263 Arianorum
1673 228 1912 276 impiissimam
1938 230 2061 266 haere-

380 294 464 333 sim,
487 293 529 325 ab
551 290 659 332 Ario,
685 289 787 324 0111115
816 303 945 325 nomen
974 292 1130 326 furorem
1159 291 1299 325 denotat
1323 291 1374 336 (1)
1389 317 1396 331 ,
1419 288 1571 336 genitam
1591 302 1655 323 nec
1677 302 1750 324 non
1777 290 1972 338 reliquum,
1996 292 2058 340 qni

380 355 459 389 huie
488 352 662 401 lymphato
687 352 862 400 suppetias
886 353 973 395 sert,
995 365 1164 387 vesanum
1194 351 1363 386 chorum?
1387 351 1446 398 qui
1476 350 1697 385 divinitatem
1724 351 1875 386 viventis
1895 360 1929 387 et
1950 353 2060 387 subsi-

379 415 500 450 stentis
530 422 561 447 et
585 413 619 447 in
642 427 714 448 una
742 427 886 460 persona
916 412 981 447 1)οἰ
1004 412 1115 459 Yerbi
1142 412 1344 447 stultissime
1372 400 1534 453 abiilent,
1557 411 1715 446 alienum
1743 426 1760 446 a
1785 411 1855 447 Dei
1885 421 1919 448 et
1946 415 2056 461 patris

378 474 569 510 substantia
600 482 772 508 conantes
800 473 981 508 ostendere
999 502 1007 516 ,
1034 482 1178 521 paterna
1208 473 1395 521 ipsummet
1424 471 1532 519 gloria
1560 472 1811 518 segregandum
1838 473 1943 521 impie
1970 475 2057 509 arbi-

381 544 526 577 trantes,
548 544 580 569 et
601 534 816 569 dominicalis
836 543 982 569 naturae
1002 535 1282 583 incomparabiles
1301 533 1550 576 sublimitates,
1568 533 1607 567 ad
1629 533 1796 568 humilem
1816 534 1943 569 servilis
1964 549 2056 570 crea-

380 606 475 632 turae
504 596 665 630 ordinem
687 595 933 643 deprimentes.
963 596 1111 643 Insuper
1138 596 1290 630 divinam
1321 608 1460 644 quoque
1484 602 1518 629 et
1544 593 1845 641 supernaturalem
1867 594 1976 629 Yerbi
2003 610 2056 630 ca-

376 657 594 691 lumniantur
621 656 922 698 incarnationem,
946 669 1092 704 eamque
1122 655 1344 690 umbratilem
1373 664 1513 690 tantum
1534 663 1567 689 et
1594 668 1686 689 mere
1715 654 1971 701 phantasticam
1997 656 2056 691 de-

377 726 570 752 monstrare
598 716 841 761 alucinantur3
867 715 1085 750 manichaico
1112 716 1224 751 furori
1251 716 1366 764 paria,
1389 730 1456 750 nec
1484 729 1557 749 11011
1582 714 1765 749 Valentini
1792 715 1967 759 insaniae,
1989 716 2054 765 ipsi

375 792 514 825 quoque
537 777 712 811 tradentes
736 777 905 823 dogmata.
934 775 1022 821 Quis
1051 790 1123 810 11011
1152 777 1272 819 novit,
1292 777 1320 811 si
1341 777 1444 811 1110110
1472 790 1596 824 parum
1623 776 1840 811 litteraturae
1862 776 1997 823 attigit,
2020 785 2053 811 et

375 839 534 873 historiae
563 838 670 873 limen
699 837 876 879 salutavit,
899 837 1031 872 horum
1059 837 1222 872 columen
1251 845 1285 872 et
1312 837 1456 873 arcem?
1482 837 1754 879 caesariensem,
1778 836 1920 885 inquam
1947 836 2055 873 Euse-

376 900 493 942 bium,
515 899 577 947 qui
599 899 707 934 multa
729 898 893 933 adversus
915 896 1025 931 Verbi
1046 897 1264 932 divinitatem
1285 897 1526 945 blasphemans
1549 905 1699 944 nugatus
1726 906 1776 932 est
1790 926 1798 940 ,
1820 897 1931 933 multa
1951 897 2054 933 etiam

375 969 495 995 eontra
516 960 666 994 divinam
690 958 880 993 Serv-(noris
902 958 1179 992 incarnationem
1199 957 1350 992 delirans
1372 958 1565 1004 irreligiose
1590 958 1734 993 loeutus
1756 967 1824 994 est:
1849 958 1952 994 0111115
1972 958 2054 994 scri-

375 1029 432 1068 pta
460 1021 500 1055 ad
529 1021 621 1055 hunc
647 1033 759 1067 usque
782 1019 878 1053 diem
901 1018 1118 1053 detestandis
1140 1018 1295 1053 eiusdem
1316 1018 1536 1065 dogmatibus
1557 1019 1755 1067 plenissima
1779 1028 1864 1055 sunt
1887 1021 1948 1067 (2).
1974 1018 2055 1067 Ipse

377 1082 470 1116 enim
491 1095 561 1115 non
583 1080 709 1114 Arium
732 1078 981 1114 tantummodo
1002 1079 1208 1125 magistrum
1230 1091 1353 1121 suum,
1377 1087 1410 1113 et
1430 1078 1537 1114 huius
1559 1079 1748 1127 apostasiae
1770 1088 1970 1122 auctorem,
1992 1079 2053 1114 5011

375 1151 409 1176 ct
435 1141 521 1176 alios
549 1154 688 1182 omnes,
713 1139 772 1187 qui
801 1139 837 1173 in
865 1138 1055 1186 Unigeniti
1083 1139 1226 1186 gloriam
1252 1147 1467 1187 peccarunt,
1490 1153 1655 1188 superare
1687 1140 1882 1175 contendit.
1909 1139 2053 1175 Etenim

375 1211 551 1237 creaturas
575 1201 757 1243 adorasse,
781 1209 816 1235 et
844 1200 1001 1235 debitum
1028 1199 1104 1235 Deo
1134 1200 1195 1235 soli
1223 1200 1358 1235 cultum
1386 1199 1435 1235 rei
1462 1209 1601 1235 creatae
1623 1200 1818 1235 exhibuisse
1847 1209 2052 1244 accusatur,

374 1263 586 1297 idololatriae
608 1262 741 1297 idcireo
763 1261 945 1296 manifeste
967 1261 1170 1304 convictus,
1190 1261 1298 1297 sicuti
1323 1261 1422 1296 etiam
1445 1260 1562 1296 eximii
1583 1261 1719 1310 aliquot
1738 1269 1853 1309 patres
1874 1261 1986 1296 nostri
2009 1270 2054 1296 te-

373 1324 452 1358 stati
480 1332 563 1359 sunt
588 1324 649 1370 (3)
678 1322 831 1358 Necesse
860 1331 912 1357 est
939 1322 1056 1371 itaque
1078 1331 1118 1357 ut
1140 1322 1245 1357 etiam
1265 1322 1297 1357 ei
1318 1323 1545 1357 adhaerentes
1573 1336 1611 1357 30
1640 1322 1822 1370 discipuli,
1844 1322 2053 1358 sententiam

372 1384 523 1431 magistri
544 1384 609 1418 sibi
625 1383 818 1418 adsumant.
841 1383 875 1418 Is
893 1383 988 1418 enim
1005 1397 1062 1418 eos
1082 1383 1222 1426 docuit,
1244 1382 1378 1418 Christi
1401 1397 1528 1432 corpus
1550 1383 1648 1432 pingi
1666 1392 1724 1418 ant
1743 1383 1827 1430 fingi
1843 1397 1915 1418 non
1931 1397 2031 1432 posse
2044 1412 2053 1425 ,

373 1445 480 1494 idque
510 1445 650 1479 omnino
678 1444 893 1492 phantastice
920 1444 1104 1479 somniavit
1129 1446 1191 1490 (4)
1220 1443 1311 1489 Quis
1337 1453 1455 1479 autem
1476 1443 1622 1479 Eusebii
1643 1444 1738 1479 tices
1760 1444 1922 1491 ignorat?
1947 1444 2053 1478 immo

374 1506 512 1541 cuinam
539 1507 601 1540 1130
630 1520 699 1540 11011
729 1505 886 1552 cognitae
917 1514 952 1540 et
972 1505 1165 1553 exploratae
1195 1513 1299 1547 sunt,
1322 1505 1459 1540 etiamsi
1486 1505 1636 1540 rusticus
1665 1505 1709 1540 sit
1738 1513 1770 1539 et
1797 1505 1897 1553 plane
1926 1505 2052 1541 rudiSi'

374 1565 551 1602 Nimirum
572 1566 780 1614 quingentos
806 1575 886 1600 ante
910 1580 1017 1600 annos
1040 1574 1074 1600 et
1095 1565 1198 1613 paulo
1220 1565 1367 1613 amplius
1381 1594 1388 1608 ,
1412 1579 1619 1600 numerosus
1639 1565 1694 1600 ille
1716 1565 1882 1600 divinitus
1908 1578 2054 1612 congre-

374 1636 473 1675 gatus
503 1636 622 1662 coetus
637 1656 644 1669 ,
668 1641 762 1661 53013
784 1627 929 1675 inquam
957 1626 1110 1661 Nicaeae
1139 1626 1324 1674 plenorum
1344 1625 1420 1661 Deo
1442 1634 1475 1660 et
1495 1626 1755 1661 admirabilium
1776 1625 1929 1660 virorum
1956 1638 2055 1673 syno-

373 1687 458 1731 dus,
481 1687 596 1722 omnia
624 1687 733 1721 divini
757 1686 912 1735 Spiritus
941 1687 1112 1721 instinctu
1141 1700 1267 1733 agens,
1289 1686 1426 1721 arianae
1449 1687 1631 1721 haereseos
1652 1694 1794 1721 tenaces
1825 1685 1971 1721 eeclesia
2001 1700 2055 1720 ex-

373 1749 484 1797 pulit,
512 1748 832 1784 excommunicatos
860 1748 950 1796 ipsos
980 1762 1059 1783 eum
1088 1748 1249 1782 omnibus
1276 1747 1432 1783 barbaris
1464 1748 1705 1796 extraneisque
1734 1748 1806 1782 suis
1834 1747 2054 1794 dogmatibus

373 1809 562 1844 (1001313115.
590 1808 665 1843 Etsi
693 1823 774 1844 vero
802 1808 977 1844 Eusebius
1004 1808 1160 1843 simulata
1188 1808 1368 1844 docilitate
1396 1817 1508 1843 rectae
1537 1808 1687 1843 assensit
1715 1808 1820 1851 fidei,
1847 1808 1958 1843 latere
1986 1815 2055 1842 stu-

374 1870 480 1912 dens,
507 1869 617 1905 nihilo
646 1878 761 1904 tamen
789 1869 906 1904 minus
934 1870 977 1905 ad
1006 1883 1112 1905 suum
1140 1870 1326 1917 ingenium
1354 1883 1515 1904 reversus
1544 1878 1613 1912 est,
1642 1869 1747 1904 veluti
1775 1869 1890 1903 solent
1918 1868 2054 1903 distorti

375 1930 461 1965 rami
488 1931 604 1966 statim
632 1945 672 1965 ac
694 1944 711 1965 3
735 1930 907 1978 dirigente
936 1931 971 1965 in
1003 1931 1215 1966 eontrarium
1242 1944 1347 1965 manu
1378 1939 1485 1965 semet
1514 1931 1775 1979 expediverunt.
1805 1929 1913 1975 Quod
1942 1929 2055 1977 ipsum

373 1991 537 2026 factitavit
560 1991 662 2026 etiam
684 1991 806 2034 Arius,
829 1991 932 2026 cuius
953 1992 1072 2026 multis
1094 1991 1195 2026 annis
1217 2000 1310 2039 post.
1332 1991 1415 2040 quia
1439 1991 1593 2026 dolosam
1616 1992 1689 2026 eius
1711 1999 1865 2026 mentem
1888 1989 2054 2025 nonnulli

373 2052 596 2098 ignorabant,
621 2052 988 2087 commemorationem
1015 2052 1214 2087 faciendam
1242 2053 1455 2095 censebant,
1482 2053 1657 2100 pertinere
1688 2052 1802 2100 ipsum
1828 2051 1870 2086 ad
1898 2050 2056 2085 orthodo-

373 2125 455 2147 xum
483 2121 621 2147 coetum
643 2112 890 2147 existimantes.
916 2112 1051 2147 Verum
1072 2113 1133 2147 hos
1155 2113 1379 2147 alexandrina
1402 2113 1555 2160 synodus
1569 2141 1577 2155 ,
1601 2112 1779 2147 canonicis
1800 2111 1948 2147 x‘inculis
1972 2111 2056 2145 irre-

375 2173 468 2215 tivit,
490 2173 624 2208 nemini
651 2173 759 2208 licere
789 2188 869 2208 sana
890 2174 957 2209 fide
983 2174 1266 2209 Christianorum
1290 2174 1468 2222 praedito,
1491 2173 1638 2209 Eusebii
1666 2175 1780 2208 sac-ere
1811 2186 2056 2208 commemora-

376 2232 526 2276 tionem,
549 2234 721 2268 definiens
748 2235 809 2281 (5).

478 2294 574 2339 Quid
601 2303 718 2329 autem
746 2294 938 2330 dicendum
959 2296 1002 2331 de
1025 2296 1098 2331 aliis
1126 2304 1203 2344 post
1231 2295 1305 2330 illos
1328 2295 1403 2330 Deo
1425 2296 1538 2344 plenis
1566 2295 1746 2343 patribus,
1770 2303 1802 2329 et
1830 2303 1946 2329 rectae
1968 2293 2054 2328 fidei

373 2367 411 2388 ac
434 2353 614 2388 doctrinae
637 2355 828 2402 magistris,
850 2356 1025 2404 quomodo
1047 2357 1186 2392 fortiter
1207 2370 1246 2391 30
1269 2357 1416 2391 viriliter
1435 2357 1624 2392 admodum
1645 2364 1763 2390 contra
1782 2356 1880 2390 hune
1902 2367 2054 2389 errorem

373 2415 592 2461 insurgentes
619 2415 863 2464 luetantesque
893 2417 1178 2454 decertaverint?
1201 2431 1353 2466 quorum
1379 2418 1527 2466 scriptos
1555 2418 1658 2452 libros
1686 2417 1739 2451 vel
1768 2429 1951 2451 numerare
1980 2428 2053 2449 non

451 2543 486 2574 (ῘῚ1
500 2541 596 2577 Ἄρειος
617 2542 667 2568 u'rro'
689 2545 733 2569 τοῦ
746 2544 830 2578 ’Ἄρεος
843 2565 849 2575 ,
868 2546 955 2571 Arius
974 2553 991 2571 α
1012 2547 1106 2572 Marte
1118 2544 1235 2578 furente
1255 2546 1316 2572 (leo.

449 2588 484 2617 (2)
506 2587 563 2612 Hoc
583 2586 637 2612 iam
658 2586 724 2613 dixit
743 2588 911 2622 Nicephorus
930 2589 959 2614 in
978 2589 1148 2623 apologetico
1168 2589 1273 2616 minore
1293 2598 1318 2624 p.
1340 2593 1378 2616 13.
1400 2589 1510 2616 Eusebii
1531 2588 1711 2615 arianismum
1732 2594 1812 2613 nemo
1832 2585 1985 2613 evidentius
2004 2585 2052 2611 de-

371 2630 531 2656 monstravit
550 2638 632 2664 quam
654 2631 682 2656 B.
704 2631 926 2659 Montfaueonius
945 2632 973 2659 in
993 2632 1160 2667 praefatione
1179 2632 1214 2659 ad
1234 2633 1355 2660 eiusdem
1376 2633 1485 2660 Eusebii
1505 2632 1718 2659 commentarios
1739 2632 1767 2657 in
1788 2630 1917 2665 psalmos,

450 2677 484 2706 (3)
506 2675 535 2700 tn
554 2682 660 2701 carcere
680 2675 799 2709 positus,
818 2677 952 2703 saeviente
976 2678 1180 2711 perseeutione,
1200 2677 1367 2704 sacrificasse
1386 2677 1438 2704 diis
1457 2677 1546 2703 dietus
1570 2681 1609 2703 est
1629 2676 1762 2702 Eusebius
1787 2675 1882 2701 timore
1901 2673 2038 2708 supplicii.

370 2718 437 2745 Vide
456 2718 638 2753 Epiphanium
659 2718 732 2745 haer.
750 2720 876 2745 LXVIII.
893 2723 918 2746 7.
940 2721 1007 2746 {tem
1027 2729 1097 2755 quae
1116 2721 1195 2748 docte
1215 2729 1289 2748 more
1309 2729 1358 2748 5110
1376 2721 1425 2748 huc
1441 2729 1524 2755 super
1544 2728 1570 2747 re
1590 2720 1657 2746 dit-it
1672 2719 1867 2746 Tillemoutius
1884 2719 1968 2745 Mem.
1987 2718 2053 2745 eccl.

371 2764 402 2791 T.
424 2764 498 2790 vul.
519 2771 545 2797 p.
566 2766 627 2790 661.
649 2763 676 2790 in
696 2763 760 2790 adn.
785 2767 824 2790 15⁵.
846 2764 880 2790 ad
899 2765 926 2791 S.
949 2765 1141 2793 Athanasium.

452 2811 486 2839 (4)
508 2808 539 2834 ln
559 2807 673 2842 epistola
692 2807 726 2834 ad
746 2808 895 2840 Liciniam,
916 2813 946 2835 ut
966 2809 1085 2836 diximus
1105 2811 1132 2836 in
1153 2810 1216 2837 adn.
1240 2819 1265 2844 p.
1292 2815 1329 2837 13.

452 2855 485 2886 (5]
507 2853 538 2878 111
557 2852 672 2887 epistola
691 2852 750 2879 eius
769 2851 881 2887 synodi,
902 2857 933 2879 ut
952 2853 1015 2879 item
1036 2853 1154 2880 diximus
1174 2863 1199 2888 p.
1225 2858 1263 2881 13.
