2203 3331
202 797 208 803 ’
225 793 286 819 saph
313 794 347 813 ΙΙΙ,
364 796 381 813 1),

187 976 195 983 ’
213 976 239 994 Ις,
256 975 344 995 XXXII,
364 978 380 995 '0-

186 1028 196 1035 ’
212 1026 240 1047 ts.
256 1027 344 1048 XXXV.
359 1030 382 1047 6.

176 1054 184 1061 “
197 1053 379 1074 1131011117.

166 1698 173 1706 '
191 1697 270 1717 Mntth.
287 1697 322 1717 XI.
339 1700 370 1717 29.

165 1878 171 1885 ¹
188 1876 270 1896 'Ituran
283 1877 322 1897 nt.
336 1880 367 1897 27.

185 2300 191 2307 “
209 2298 274 2318 lacn
292 2299 316 2318 ΙΙ.
335 2301 365 2321 υ).

242 2416 276 2435 ar.
294 2422 308 2440 ρ
333 2419 363 2435 56.

171 2479 178 2487 ’
195 2477 273 2497 nauh.
289 2478 326 2498 xi.
344 2480 362 2498 3,

209 2599 216 2606 ·
234 2598 281 2618 Inh.
299 2599 305 2618 Ι
329 2602 360 2619 36,

158 2660 163 2666 ’
182 2658 208 2677 P*
228 2660 314 2680 cxvii.
329 2664 360 2681 2¹7¹.

157 2717 164 2750 J
178 2716 263 2757 ,ΣΙ-11111,
280 2717 359 2738 xvnl.

158 2757 244 2796 :Siatth
261 2777 313 2797 XXX
323 2777 359 2798 III.

158 2804 181 2819 2ss

158 2836 360 2859 ¹1.e=,Xxv1.1-=.

430 183 441 215 <1
453 183 495 215 88
1020 193 1047 215 5.
1074 193 1244 216 ,1101100111
1273 192 1507 215 .1101,οῡ1;τκ;115

429 256 574 287 tutores,
597 245 656 280 sed
685 244 855 279 insulares
879 245 981 280 etiam
1003 246 1194 281 Servatoris
1215 247 1373 281 doctrina
1396 254 1551 294 suscepta
1566 274 1573 288 ‚
1597 247 1840 296 unusquisque
1864 249 2095 284 universalem

430 306 544 340 Deum
566 305 681 339 adorat
705 305 746 339 de
769 305 847 340 loco
870 320 942 341 5110.
972 305 1268 355 Quandoquidem
1290 320 1369 353 ergo
1393 306 1554 341 Christus
1583 306 1652 354 ipse
1674 305 1772 342 Deus
1793 316 1930 350 noster,
1951 308 2023 356 ipsa
2043 323 2097 343 ve-

426 367 525 408 ritas,
547 365 748 400 adoratores
776 380 873 401 veros
902 380 967 401 nos
998 382 1070 401 csse
1099 368 1267 409 declarat,
1291 367 1323 401 in
1353 367 1477 414 spiritu
1503 380 1542 400 ac
1566 366 1707 401 veritate
1733 368 1928 402 secundum
1957 382 2097 415 evange-

360 432 389 449 0·
427 426 507 459 licas
529 426 816 474 propheticasque
840 440 936 461 voces
957 428 1158 472 adorantesg
1179 441 1270 461 unus
1295 427 1386 461 enim
1410 426 1572 474 Idemque
1591 426 1626 460 in
1644 427 1809 462 omnibns
1827 428 1989 476 loquens3
2007 429 2094 475 quid

428 486 461 519 ni
476 515 483 527 ,
505 500 544 519 co
573 485 795 528 adveniente,
818 487 858 521 ab
888 487 1029 521 ethnica
1057 487 1309 533 irreligiositate
1338 485 1448 533 erepti
1476 486 1625 528 fuimus,
1647 486 1830 534 omnisque
1854 487 1996 523 idolicae
2018 489 2094 523 abo-

425 546 621 580 minationis
650 546 733 580 sacti
763 556 943 594 expertes,
974 556 1003 581 et
1035 548 1181 593 genuini
1210 561 1348 594 prorsus
1379 546 1471 580 illins
1501 546 1725 581 adoratores?
1753 547 1948 582 Mendaces
1978 549 2092 597 itaque

423 614 505 640 sunt
533 606 808 641 adversariorum
837 620 1035 649 sermones,
1058 616 1159 655 atquc
1189 608 1271 641 hinc
1300 615 1434 642 constat
1464 620 1521 641 eos
1546 607 1710 640 contrarii
1737 607 1878 655 spiritus
1906 622 1964 642 ore
1989 617 2091 657 atque

425 666 633 701 stniiehristi
659 666 765 714 loqui.

523 726 631 761 Nunc
658 727 848 761 videndum
876 727 1041 775 quidnam
1064 728 1099 761 in
1122 728 1418 775 subsequentibus
1447 727 1587 761 sibimet
1612 741 1650 761 ae
1672 727 1805 762 veritati
1835 737 2092 763 consentaneus

420 787 532 821 deifer
554 787 656 821 homo
678 787 771 822 dicat
792 789 818 822 *ἦ
840 795 862 808 “
889 787 993 823 Tunc
1016 788 1123 833 igitur
1150 788 1291 823 reddam
1320 788 1456 835 populis
1481 788 1635 834 linguam
1659 787 1694 822 in
1717 789 1976 834 generationem
2004 790 2092 837 ipso·

424 876 445 889 ,,
474 861 570 889 rum,
593 856 628 882 ut
653 862 770 883 onmes
793 848 956 882 Invocent
979 862 1105 882 nomen
1128 847 1299 890 Domini,
1324 856 1361 882 ut
1390 848 1421 882 01
1451 862 1521 883 0110
1546 848 1609 882 sub
1634 848 1716 895 iugo
1744 849 1901 884 serviant.
1929 849 2050 897 Usque
2073 863 2088 883 3

423 936 444 949 .,
473 908 631 942 terminis
659 908 846 942 fluminum
873 908 1079 955 Aethiopiae
1108 908 1192 942 mihi
1215 908 1369 943 victimas
1398 908 1563 943 adferent.
1589 937 1611 950 ,,
1635 907 1699 942 His
1727 918 1896 943 consonet
1923 909 2092 944 nobilissi-

418 981 495 1002 mus
524 968 643 1004 Isaias:
665 975 687 989 “
710 968 870 1015 linguae,
893 968 1007 1015 inquit
1022 996 1029 1009 ‚
1053 968 1284 1003 balbutientes
1305 982 1428 1016 pacem
1455 968 1550 1017 loqui
1577 969 1713 1003 discent
1735 972 1772 1011 ⁹,
1794 977 1828 1003 et
1855 969 1943 1004 muti
1969 969 2088 1016 lingna

420 1055 441 1069 ,,
470 1027 675 1074 expedietur
693 1030 718 1063 ᾔ.
743 1056 765 1070 ‚‚
786 1028 875 1062 Nam
897 1028 991 1076 quod
1014 1028 1111 1062 novis
1133 1027 1327 1076 loquentur
1348 1028 1499 1074 linguis,
1521 1028 1677 1062 divinum
1700 1027 1841 1064 tradidit
1862 1029 2043 1064 oraculum
2062 1031 2089 1063 θ.

418 1087 561 1121 11101001
588 1088 706 1135 itaque
734 1088 943 1135 populorum
972 1088 1106 1134 linguas
1123 1116 1130 1130 ‚
1161 1102 1249 1136 qnae
1278 1088 1358 1122 olim
1388 1087 1574 1135 impietatis
1602 1088 1705 1135 plena
1733 1089 1834 1124 verba
1862 1090 2087 1124 eructabant.

416 1147 685 1195 nominibusque
716 1156 748 1181 et
775 1147 1057 1182 invocationibus
1084 1148 1307 1195 impurorum
1334 1147 1544 1182 daemonum
1562 1148 1736 1182 vadsuetae
1763 1157 1879 1191 erant,
1901 1157 1969 1183 tam
1997 1149 2089 1183 dete-

413 1207 523 1241 stabili
544 1207 638 1255 praxi
659 1222 831 1255 purgans,
854 1222 1109 1243 conversurum
1135 1223 1170 1243 se
1192 1208 1343 1256 spondet
1368 1207 1464 1243 Deus
1479 1237 1486 1250 ‚
1508 1222 1636 1257 easque
1663 1209 1700 1242 in
1731 1209 1870 1243 011110115
1898 1208 2088 1255 generatio—

411 1267 517 1301 nibus
538 1267 714 1303 immunes
736 1269 806 1303 fore
828 1283 1001 1316 purasque
1031 1269 1128 1304 omni
1158 1269 1282 1304 idolica
1310 1269 1546 1317 professione3
1572 1269 1618 1303 ita
1639 1277 1679 1303 ut
1699 1269 1874 1304 mnndum
1902 1277 2005 1316 atque
2028 1269 2087 1302 im—

410 1328 624 1362 maculatum
642 1327 788 1376 Deoqne
807 1329 1078 1364 convenientem
1100 1329 1305 1364 rationalem
1325 1330 1459 1364 cultum
1480 1329 1674 1364 exhibeant.
1696 1328 1806 1364 Porro
1824 1338 1863 1363 ut
1883 1329 1915 1364 ei
1932 1329 1996 1363 sub
2016 1342 2086 1362 uno

410 1388 490 1434 iugo
519 1388 703 1423 serviamus
732 1389 868 1423 dictum
897 1398 968 1431 est,
991 1389 1073 1437 qnia
1104 1398 1257 1432 constat,
1280 1389 1442 1437 pluribus
1471 1389 1558 1436 iugis
1583 1390 1772 1424 humanam
1799 1398 1899 1424 antea
1927 1397 2086 1424 naturam

411 1449 517 1483 fnisse
544 1449 774 1496 suppositam:
799 1449 857 1483 alii
880 1450 975 1484 enim
1000 1450 1073 1484 aliis
1098 1450 1162 1484 diis
1184 1450 1384 1485 secundnm
1406 1450 1612 1485 disserentes
1633 1458 1741 1485 sectas
1763 1464 1802 1484 ac
1822 1450 2008 1496 religiones
2029 1449 2086 1483 de-

411 1507 475 1542 diti
503 1516 621 1550 erant,
650 1509 833 1556 impietatis
860 1509 942 1544 loris
972 1509 1162 1544 constricti.
1193 1509 1287 1544 Cum
1315 1517 1431 1544 autem
1459 1510 1555 1544 venit
1582 1509 1623 1544 de
1654 1510 1749 1545 eaelo
1777 1509 1819 1544 ad
1846 1523 1908 1544 nos
1935 1509 2085 1543 Redem-

409 1575 508 1614 ptor,
532 1577 618 1602 tunc
646 1569 709 1602 hac
737 1568 901 1615 iugorum
931 1569 1077 1603 molesta
1103 1570 1268 1603 varietate
1296 1583 1359 1604 nos
1388 1570 1580 1617 expedivit,
1605 1583 1780 1617 suumque
1807 1569 1929 1616 iugum
1956 1569 2082 1603 obtulit

409 1628 501 1675 qnod
522 1629 565 1662 ad
587 1628 805 1663 docilitatem
831 1637 935 1676 atque
964 1629 1199 1663 obedientiam
1228 1630 1419 1676 evangelici
1442 1622 1591 1664 instituti
1618 1630 1794 1677 pertrahit.
1817 1636 1840 1651 “
1865 1629 1990 1664 Tollite
2005 1658 2012 1670 ‚
2036 1629 2085 1663 in-

412 1717 433 1731 .‚
462 1688 540 1736 quit
564 1690 600 1730 ᾔ,
622 1688 745 1735 iugum
773 1702 912 1731 meum,
936 1690 1018 1737 quia
1047 1703 1150 1724 suave
1174 1698 1245 1733 est,
1269 1698 1303 1724 et
1325 1703 1414 1724 onus
1441 1703 1559 1724 meum
1585 1690 1671 1725 leve.
1696 1719 1718 1732 ‚‚
1740 1690 1817 1725 Hoc
1846 1690 1964 1738 itaque
1990 1690 2084 1724 iusti-

409 1748 475 1783 tiae
497 1748 618 1795 iugum
640 1749 798 1783 alacriter
818 1750 1010 1783 subeuntes
1033 1750 1152 1784 fideles
1166 1778 1173 1791 ,
1197 1749 1234 1784 111
1256 1751 1399 1785 veritate
1413 1779 1420 1793 ‚
1443 1750 1642 1785 sinceritate
1664 1751 1800 1798 fideque
1825 1764 1894 1784 una
1915 1750 2080 1784 servimus

407 1808 476 1850 illi,
503 1817 536 1842 et
564 1808 599 1842 in
629 1809 692 1843 hoc
720 1809 892 1843 laetamur
919 1818 1023 1857 atque
1055 1810 1262 1856 gloriamnr3
1290 1810 1404 1844 edocti
1431 1810 1564 1844 scilicet
1588 1817 1611 1831 “
1638 1810 1770 1844 bonum
1799 1824 1869 1844 esse
1896 1810 1971 1844 viro
2001 1823 2081 1844 cum

408 1896 430 1909 .,
458 1869 645 1915 portaverit
666 1869 788 1914 iugum
809 1870 850 1903 ab
872 1870 1107 1904 adolescentia
1130 1884 1191 1904 sua
1208 1871 1235 1905 ²²⁸.
1258 1899 1280 1912 „
1299 1870 1369 1904 Par
1391 1878 1439 1904 est
1457 1878 1573 1905 autem
1592 1884 1800 1918 magnopere
1822 1870 1983 1904 admirari
2005 1871 2080 1904 nni-

405 1928 541 1963 versalis
561 1929 696 1963 domini
719 1930 1013 1975 magnificentiam
1032 1945 1072 1965 ac
1088 1931 1359 1977 benignitatem,
1377 1931 1457 1978 quia
1481 1931 1617 1978 copiose
1639 1931 1725 1965 adeo
1746 1930 1985 1965 misericordia
2006 1930 2080 1965 eius

405 2003 444 2023 ac
471 1989 604 2023 bonitas
628 2003 702 2035 erga
726 2004 788 2023 nos
811 1990 917 2024 suerit
940 1992 1048 2025 esl'nsa
1064 2019 1071 2033 ‚
1096 1999 1134 2025 ut
1157 2005 1264 2038 usqne
1287 1991 1329 2025 ad
1353 1999 1523 2025 extremos
1545 1990 1669 2025 mundi
1694 1992 1780 2025 fines
1809 1990 1997 2025 salutarem
2025 2004 2080 2024 vo-

402 2049 507 2083 luerit
533 2048 828 2097 praedicationem
857 2051 1058 2097 pervenire:
1083 2051 1308 2098 quamobrem
1336 2066 1375 2085 ex
1399 2051 1585 2098 Aethiopia
1607 2051 1710 2085 etiam
1733 2051 1938 2098 cunctisque
1969 2059 2078 2084 terrae

404 2109 531 2143 finibus
558 2110 631 2144 lans
660 2110 724 2158 ipsi
752 2119 785 2145 et
813 2120 1005 2159 perpetuus
1033 2112 1184 2158 hymnus
1205 2126 1221 2146 a
1246 2112 1539 2158 cognoscentibus
1565 2111 1677 2159 ipsum
1706 2125 1777 2146 nno
1805 2125 1863 2146 ore
1887 2111 2076 2146 extollitur.

405 2168 499 2204 Haec
527 2170 581 2204 isti
608 2170 729 2205 suriosi
756 2171 923 2214 audiant,
947 2172 1154 2220 discantque
1184 2186 1220 2206 se
1250 2171 1403 2220 Spiritui
1430 2181 1549 2206 sancto
1578 2172 1758 2214 resistere,
1783 2172 1866 2206 dnm
1894 2171 2077 2206 ecclesiam

403 2228 468 2262 Dei
496 2230 773 2273 calumniantur,
797 2232 979 2279 sciantque
1005 2247 1040 2267 50
1066 2232 1229 2266 contrarii
1256 2233 1396 2280 spiritus
1421 2233 1588 2266 instinctu
1613 2232 1720 2280 loqui.

505 2289 574 2323 Sed
607 2299 641 2324 et
668 2291 810 2325 alterius
839 2293 953 2326 sancti
981 2292 1045 2326 viri
1071 2292 1174 2326 verba
1195 2292 1377 2326 audiamus
1398 2294 1425 2327 ᾗ.
1447 2300 1470 2313 “
1496 2292 1619 2327 Gaude
1644 2301 1676 2326 et
1700 2292 1853 2334 laetare,
1876 2291 1942 2325 fitia
1968 2290 2073 2327 Sion.

405 2376 427 2389 .,
455 2349 534 2395 quia
561 2363 640 2384 ecce,
670 2351 789 2389 venio,
812 2360 845 2386 et
873 2353 1034 2387 habitabo
1066 2353 1100 2386 in
1129 2352 1245 2386 medio
1276 2353 1348 2394 tui⁷
1372 2353 1419 2386 ait
1440 2351 1634 2388 Dominus:
1655 2352 1814 2400 sciesque
1838 2351 1933 2399 quod
1955 2350 2076 2385 Domi—

403 2435 427 2449 „
456 2422 521 2442 nus
543 2409 765 2456 omnipotens
787 2412 875 2445 misit
900 2426 953 2446 me
976 2412 1018 2446 ad
1043 2421 1085 2447 te.
1108 2440 1130 2454 ,‚
1151 2412 1324 2457 Quisnam
1345 2421 1461 2446 autem
1483 2412 1619 2454 veniat,
1639 2411 1812 2446 Iohannes
1832 2424 1974 2457 magnus
1995 2409 2074 2444 Ser—

399 2467 526 2501 1310115
547 2469 657 2502 nostri
678 2483 884 2516 praecursor
913 2472 1037 2506 elamet
1058 2473 1095 2515 ’ἃς
1119 2471 1180 2519 qni
1209 2471 1319 2506 missis
1347 2471 1488 2506 dnobus
1516 2471 1695 2518 discipulis
1720 2471 1761 2505 311
1784 2469 2072 2516 interrogandum

400 2526 613 2563 Dominum:
638 2524 733 2563 tu'es
755 2531 816 2578 qui
837 2532 933 2566 venis
948 2561 956 2574 ,
978 2546 1021 2566 an
1044 2531 1151 2566 alium
1174 2532 1422 2580 expectamus?
1446 2545 1609 2579 responso
1632 2539 1798 2578 accepto,
1821 2530 1960 2578 publice
1988 2530 2071 2564 dixit

399 2601 479 2621 eum
500 2601 571 2622 esse
593 2602 722 2635 agnum
745 2598 775 2623 et
798 2591 908 2625 filium
930 2591 997 2626 Dei
1019 2593 1045 2627 *ἦ
1067 2592 1215 2640 Insuper
1236 2592 1348 2627 David
1371 2606 1509 2640 quoque
1533 2591 1580 2625 ita
1603 2591 1766 2638 psallens:
1782 2590 1988 2624 benedictus
2008 2590 2068 2637 qui

398 2647 495 2682 venit
515 2648 550 2682 in
574 2649 716 2683 nomine
739 2648 883 2685 Domini
901 2653 926 2686 ᾗ.
949 2651 1015 2686 Hic
1037 2661 1151 2687 antem
1174 2653 1235 2701 qni
1256 2653 1355 2686 venit
1377 2653 1538 2686 Servator
1556 2651 1710 2686 alumnis
1731 2651 1804 2685 suis
1827 2651 1873 2685 sie
1894 2651 2068 2698 loquitur:

399 2708 459 2742 ubi
487 2708 556 2743 duo
578 2718 660 2744 sunt
679 2710 732 2743 vel
756 2719 822 2745 tres
849 2711 883 2745 in
912 2712 1052 2747 nomine
1074 2726 1154 2747 meo
1185 2713 1404 2760 congregati,
1428 2712 1475 2746 ibi
1502 2725 1580 2746 sum
1600 2712 1636 2746 111
1660 2712 1771 2746 medio
1800 2725 1921 2746 eorum
1944 2713 1971 2745 *ἦ
1999 2710 2044 2744 Et
2059 2739 2067 2751 ‚

397 2768 576 2804 vobiscum
596 2783 674 2804 sum
695 2769 861 2805 omnibus
890 2771 1014 2806 diebus
1044 2787 1154 2821 usque.
1175 2773 1217 2808 ad
1242 2772 1581 2808 consummationem
1600 2771 1731 2807 saeculi
1759 2773 1785 2806 *ἦ
1815 2771 1889 2806 Sed
1919 2780 1953 2805 et
1979 2771 2066 2805 alius

398 2829 586 2865 succlamet
613 2830 783 2878 propheta
804 2831 839 2866 *z
860 2831 1018 2866 habitabo
1046 2846 1126 2868 cum
1154 2833 1194 2868 115
1215 2842 1248 2868 01
1268 2832 1509 2878 inambulah03
1538 2846 1665 2881 eroque
1691 2832 1777 2881 ipsis
1796 2831 1917 2874 Deus,
1937 2840 1971 2866 et
2000 2831 2066 2878 ipsi
