2203 3331
551 189 716 214 avienses
742 187 987 213 coxsTANrmmi
1012 186 1248 210 cornom‘mm.
1704 178 1749 213 87

60 251 226 288 stolicum
253 250 319 284 hoc
347 260 433 296 opus
461 247 527 289 sit,
550 256 584 282 et
610 254 748 294 patrum
774 244 884 292 sigillo
908 243 1164 279 confirmatum.
1195 242 1295 278 Sicut
1320 243 1416 278 cuim
1438 243 1488 278 illi
1516 243 1673 279 divinam
1696 258 1748 280 re-

60 312 230 359 ligionem
258 309 384 357 scripto
413 307 515 342 nobis
544 307 772 348 obtulerunt,
794 305 840 339 ita
865 302 1025 340 vicissim
1052 316 1071 338 a
1100 302 1238 351 pictura
1266 303 1391 338 modus
1418 318 1487 352 quo
1518 304 1683 340 Servator
1711 305 1747 340 in

61 381 153 407 terra
181 377 406 407 conversatus
436 377 505 411 est,
527 382 598 403 non
627 367 744 402 minus
771 378 877 414 quam
900 365 942 399 ab
970 363 1167 411 evangelica
1194 363 1383 411 scriptura,
1404 365 1614 412 conspicuus
1640 365 1748 400 mani-

61 434 242 480 festusque
270 431 319 465 fit.
347 429 379 464 A
408 429 537 478 quibus
566 428 659 463 idem
687 435 807 462 actum
836 433 908 468 est,
935 424 1030 473 quod
1059 423 1165 458 multi
1195 432 1346 470 egerunt
1374 425 1435 472 qui
1462 439 1515 459 res
1542 425 1625 460 olim
1652 439 1748 473 prae-

62 493 151 528 clare
181 500 293 538 gestas
315 489 605 538 descripserunt,
627 502 699 523 non
720 486 814 521 libris
835 485 948 520 solum
970 484 1256 520 commendantes
1270 512 1277 526 ‚
1298 497 1417 518 verum
1439 485 1542 519 etiam
1561 485 1597 519 in
1619 485 1747 521 tabulis

62 561 288 601 exponentes.
317 550 534 586 Huiusmodi
564 550 708 584 effatum
734 546 912 595 quoddam
934 546 975 580 ab
996 558 1068 580 uno
1096 545 1202 580 etiam
1228 545 1475 591 magistrorum
1502 545 1665 581 ecclesiae
1689 561 1747 582 au-

59 614 195 650 dimus:
216 620 238 634 “
263 613 356 661 quod
379 625 505 661 nempe
527 624 580 645 res
602 608 687 644 belli
707 608 844 642 sortiter
864 615 997 654 gestas,
1021 615 1056 642 et
1076 606 1238 641 historici
1260 619 1359 654 saepe
1381 614 1413 640 et
1435 605 1591 654 pictores
1613 621 1747 655 reprae-

62 702 87 717 „
117 682 279 716 sentant,
299 673 348 708 illi
367 673 512 722 quidem
532 671 685 706 oratione
707 677 931 711 exornantes,
949 667 987 702 hi
1004 682 1084 702 vero
1104 667 1143 702 in
1164 666 1289 702 tabulis
1308 666 1553 715 exprimentes.
1574 695 1597 710 „
1617 666 1747 713 Quam-

61 735 179 770 obrem
199 735 258 784 qui
280 735 453 783 scriptum
472 731 643 774 admittit,
665 731 690 766 is
709 730 904 766 necessario
926 728 1290 778 repraesentationem
1310 742 1449 777 quoque
1471 728 1645 765 admittet:
1665 743 1747 765 nam

58 795 89 830 si
112 809 225 830 unum
246 809 316 830 non
339 794 485 842 recipit,
507 806 552 828 ne
581 792 734 827 alterum
758 792 914 840 quidem.
942 790 1017 826 Iam
1037 790 1120 839 quia
1141 789 1314 839 quicquid
1339 798 1388 825 est
1415 797 1552 832 actum,
1575 788 1745 825 exinaniti

58 854 167 891 Verbi
193 856 263 890 vita
290 863 384 902 gesta
411 854 500 896 suit,
521 852 727 902 placuitque
754 852 786 887 ei
810 852 877 887 hoc
905 865 1048 901 quoque
1076 851 1180 886 modo
1207 850 1362 886 divinam
1386 850 1624 885 oeconomiam
1648 850 1746 885 beni-

57 916 134 951 vole
162 916 425 961 demonstrare3
449 913 580 949 idcirco
601 914 669 949 hoc
693 913 795 949 etiam
821 912 1070 962 descriptionis
1091 926 1221 959 genere
1250 925 1337 959 opus
1366 910 1453 954 suit,
1478 910 1644 946 crassiore
1669 912 1745 959 qui—

59 975 141 1011 dem
155 976 215 1010 sed
232 984 347 1010 tamen
368 975 624 1017 manifestiore,
641 973 896 1023 simpliciorum
911 972 1170 1022 rudiorumque
1186 973 1372 1008 hominum
1389 985 1513 1017 causa3
1531 980 1571 1006 ut
1592 972 1618 1006 ii
1640 971 1743 1007 etiam

55 1037 117 1086 qui
145 1037 276 1071 litteras
304 1036 507 1079 nescirent,
529 1035 624 1085 quod
652 1049 712 1084 per
734 1035 968 1070 litteraturam
994 1048 1066 1070 non
1094 1042 1277 1083 poterant,
1302 1033 1339 1069 id
1363 1032 1452 1068 visui
1477 1032 1632 1068 oblatum
1655 1033 1744 1069 reci-

54 1106 206 1145 perent,
240 1106 276 1133 et
310 1097 605 1145 compendiariam
637 1096 744 1144 magis
777 1104 884 1145 atque
917 1095 1170 1131 evidentiorem
1207 1108 1325 1130 rerum
1358 1094 1517 1129 notitiam
1548 1094 1742 1129 haurirent.

51 1156 163 1204 ‘Quod
192 1157 288 1193 enim
315 1171 567 1205 saepenumero
596 1171 696 1192 mens
724 1171 742 1192 a
771 1170 974 1192 sermonum
1002 1156 1129 1192 auditu
1158 1169 1228 1190 non
1258 1155 1431 1204 percipit,
1458 1155 1553 1189 visus
1579 1153 1742 1189 veracius

53 1218 254 1266 excipiens,
278 1218 404 1253 clarius
425 1219 490 1253 sibi
510 1220 777 1267 interpretatur.
806 1216 869 1252 Sic
897 1217 1070 1252 eiusmodi
1093 1216 1255 1251 homines
1283 1215 1419 1252 facilius
1447 1214 1682 1250 recordantur
1702 1229 1742 1250 ea

54 1293 144 1326 quae
176 1279 342 1315 Christus
365 1279 433 1327 egit
454 1293 643 1328 passusque
664 1288 736 1325 est3
761 1288 797 1314 et
823 1278 969 1328 quidem
1000 1278 1151 1313 celerius
1172 1290 1279 1326 quam
1303 1291 1466 1312 sermone
1489 1284 1657 1311 narrante
1680 1277 1741 1320 fit,

53 1348 186 1388 quanto
206 1340 301 1376 visus
321 1340 444 1376 auditu
466 1340 612 1376 celerior
634 1349 686 1376 est
705 1339 748 1375 ad
769 1338 1137 1388 comprehendendam
1165 1337 1348 1382 notitiam,
1371 1346 1404 1373 et
1424 1336 1640 1386 praebendae
1662 1336 1741 1372 fidei

52 1400 212 1448 paratior.
243 1400 306 1436 Sic
334 1401 443 1449 igitur
470 1401 513 1436 ad
540 1415 604 1436 nos
632 1414 777 1450 quoque
805 1400 966 1449 pervenit
993 1399 1223 1448 aequabiliter
1246 1399 1331 1434 haec
1358 1398 1556 1441 veneratio,
1581 1397 1741 1433 immensi

51 1461 219 1509 temporis
246 1461 343 1510 lapsu
370 1462 540 1505 stabilita,
563 1471 598 1497 et
618 1476 636 1497 a
657 1461 816 1497 fidelium
840 1460 1124 1496 Christianorum
1151 1460 1241 1495 iusta
1262 1459 1472 1495 credulitate
1501 1459 1740 1495 testimonium

50 1521 258 1570 praximque
283 1522 414 1557 sortita.

154 1584 188 1628 4.
220 1581 296 1618 Cur
324 1597 405 1630 ergo
433 1582 487 1617 his
515 1581 700 1617 molestum
721 1589 794 1625 est,
814 1580 909 1630 quod
931 1580 1066 1630 saepius
1091 1580 1223 1617 Christi
1243 1581 1411 1617 memoria
1430 1581 1514 1616 hinc
1534 1580 1739 1624 refricetur,

51 1641 215 1690 quodque
243 1642 413 1678 beneficia
433 1657 472 1678 ac
492 1643 665 1690 magnalia
693 1643 734 1677 ab
755 1656 795 1677 eo
818 1656 897 1690 erga
924 1656 987 1678 nos
1014 1650 1147 1691 patrata
1175 1642 1435 1678 adfirmentur?
1458 1641 1597 1677 Verum
1616 1641 1652 1676 hi
1672 1655 1739 1677 ma-

52 1702 167 1738 lorum
187 1703 357 1746 artifices,
380 1704 531 1739 salutem
552 1703 756 1739 hominibus
778 1703 958 1750 invident3
979 1717 1046 1738 nec
1069 1702 1137 1738 sibi
1159 1711 1314 1747 tantum,
1331 1717 1453 1738 verum
1473 1702 1577 1738 etiam
1598 1703 1738 1746 ceteris,

51 1777 148 1799 more
177 1764 315 1800 illorum
337 1764 606 1800 Pharisaeorum
626 1778 777 1812 regnum
803 1765 986 1800 manifeste
1007 1764 1296 1812 praecludentes,
1318 1779 1468 1814 quorum
1495 1778 1608 1799 mores
1631 1772 1738 1813 atque

51 1825 252 1873 superbiam
273 1825 508 1861 aemulantur.
533 1825 676 1861 Cuncta
696 1825 800 1873 igitur
820 1825 1059 1860 venerationis
1080 1824 1333 1875 religionisque
1359 1826 1616 1868 instrumenta,
1638 1834 1740 1873 quot-

51 1894 139 1933 quot
166 1885 203 1920 in
232 1886 381 1921 ecclesia
401 1885 469 1921 Dei
491 1886 681 1921 traditione
712 1895 897 1929 tenentur,
921 1886 991 1921 sive
1015 1886 1108 1934 picta
1135 1887 1207 1922 sive
1234 1901 1357 1930 secus,
1385 1895 1417 1922 et
1443 1887 1575 1922 animas
1601 1894 1739 1922 nostras

52 1960 90 1981 ac
121 1960 262 1995 corpora
289 1948 534 1994 sanctificant3
565 1957 598 1983 et
625 1948 722 1983 nulla
751 1957 801 1983 est
829 1947 993 1983 fidelibus
1024 1948 1115 1983 circa
1144 1949 1227 1984 haec
1257 1948 1441 1984 dubitatio.
1470 1948 1575 1994 Quod
1604 1948 1633 1982 si
1660 1948 1738 1996 quis

52 2007 215 2042 subtilius
242 2008 486 2057 minutiusque
509 2008 551 2044 de
575 2009 629 2044 his
656 2009 822 2044 disserere
850 2009 953 2053 velit,
976 2009 1024 2043 ita
1052 2009 1243 2058 eloquetur.
1272 2010 1409 2058 Nempe
1433 2009 1631 2057 evangelica
1654 2009 1739 2044 scri-

52 2076 152 2115 ptura
180 2077 343 2105 oretenus
370 2070 495 2104 tradita
522 2070 588 2105 fuit
614 2070 657 2106 iis
685 2070 748 2119 qui
774 2071 815 2105 ab
845 2070 946 2105 initio
975 2069 1139 2106 viderunt
1167 2079 1202 2107 et
1229 2071 1386 2106 ministri
1414 2072 1512 2106 suere
1541 2071 1710 2105 sermonis
1727 2099 1735 2114 ‚

50 2129 235 2164 verborum
262 2130 405 2178 inquam
432 2131 651 2174 divinorum,
676 2145 716 2167 ac
743 2131 1064 2180 supernaturalium
1091 2131 1234 2167 illorum
1261 2146 1411 2181 operum
1438 2140 1538 2180 atque
1567 2132 1736 2180 prodigio-

50 2203 150 2233 rum,
172 2205 259 2239 quae
282 2191 395 2226 solum
418 2192 532 2227 facere
554 2201 693 2241 poterat
718 2201 752 2228 et
776 2193 903 2228 docere
923 2193 1160 2230 humanatum
1180 2193 1358 2239 Verbum3
1378 2207 1467 2242 quae
1488 2193 1606 2228 fideles
1629 2194 1736 2228 fideli-

50 2258 104 2285 ter
127 2252 312 2299 excipere,
336 2266 407 2287 non
433 2267 475 2288 ex
500 2253 596 2288 nudo
623 2267 783 2289 sermone
811 2262 847 2289 et
874 2254 910 2289 in
938 2262 1055 2290 aerem
1083 2256 1216 2298 effuso,
1239 2255 1402 2303 brevique
1432 2255 1735 2299 circumsonante,

49 2320 267 2360 potuerunt3
295 2313 355 2349 sed
384 2314 490 2349 etiam
516 2328 632 2350 coram
658 2315 766 2350 rebus
794 2315 896 2362 gestis
924 2315 1118 2360 interesse,
1147 2331 1187 2352 ex
1215 2330 1286 2365 quo
1313 2317 1408 2352 beati
1435 2316 1682 2364 praedicantur
1707 2318 1734 2352 *H

50 2372 124 2408 Iam
147 2387 228 2409 vero
255 2388 435 2410 sacrarum
462 2375 587 2411 harum
613 2376 756 2411 historia
784 2375 980 2423 imaginum
1006 2377 1104 2413 illinc
1132 2377 1285 2426 pendet,
1312 2386 1345 2412 et
1372 2391 1412 2412 ex
1439 2391 1511 2412 uno
1542 2377 1733 2426 eodemque

31 2433 223 2482 ‘principio
252 2443 403 2484 utraque
430 2450 484 2471 res
513 2437 712 2484 consurgit:
736 2451 787 2472 ars
808 2446 950 2482 autem,
971 2439 1146 2474 sactorum
1174 2439 1327 2486 ipsorum
1354 2438 1497 2472 imitatio
1526 2447 1598 2481 cst,
1622 2439 1733 2474 oculis

50 2494 218 2530 exhibens
243 2505 418 2543 gestarum
441 2510 557 2533 rerum
581 2498 962 2547 repraesentationem3
982 2499 1074 2534 sicut
1096 2499 1197 2534 etiam
1220 2499 1302 2534 alibi
1326 2513 1342 2533 a
1367 2499 1466 2534 nobis
1489 2499 1657 2547 prolixius
1684 2501 1733 2535 di-

51 2562 147 2590 ctum
169 2556 259 2603 fuit3
284 2565 319 2592 et
343 2557 438 2606 quod
462 2559 600 2607 pictura
625 2558 845 2608 inculpabilis
869 2560 932 2603 sit,
955 2560 1242 2597 demonstratum.

153 2616 184 2653 5.
212 2616 324 2654 Immo
355 2620 405 2667 (1)
436 2628 471 2654 et
492 2619 557 2668 ipsi
578 2633 778 2665 sermones,
799 2621 964 2669 imagines
986 2634 1105 2656 rerum
1124 2629 1225 2664 sunt,
1247 2635 1373 2670 easque
1401 2630 1580 2670 tamquam
1609 2636 1730 2657 causas

51 2675 321 2725 subsequuntur.
349 2678 396 2715 Et
416 2680 531 2728 primo
559 2680 705 2730 quidem
724 2681 887 2718 auditum
913 2683 1075 2718 subeunt.
1102 2681 1266 2731 Namque
1293 2691 1397 2717 antea
1417 2683 1495 2718 soni
1521 2683 1728 2725 verborum,

63 2822 68 2826 η
129 2780 164 2811 (1)
182 2779 290 2809 Abhinc
303 2790 351 2817 per
363 2791 456 2811 versus
470 2785 681 2822 septemdenim,
693 2794 781 2823 usque
794 2785 829 2814 ad
843 2786 922 2815 verba
938 2794 1011 2822 quae
1021 2785 1117 2822 fiebat
1130 2785 1250 2821 litteris,
1265 2786 1349 2814 latine
1365 2786 1550 2822 fragmentum
1566 2785 1641 2813 dedit
1657 2785 1727 2811 Tur-

47 2829 141 2849 rtanus
160 2824 232 2859 apud
250 2825 388 2855 Canisium
408 2832 473 2855 tom.
490 2830 537 2856 cit.
556 2837 585 2865 p.¹
601 2834 650 2864 173
669 2839 752 2867 quem
771 2831 841 2864 fere,
858 2831 1011 2858 immutatis
1030 2835 1125 2858 tamen
1144 2838 1224 2866 saepe
1242 2831 1345 2864 verbis,
1361 2838 1474 2866 sequor,
1491 2834 1678 2865 praeterquam
1699 2829 1726 2854 in

46 2870 165 2895 ²2⁸fe¹¹¹³
184 2868 310 2904 Ρθῐῑθᾱθ,
330 2870 357 2899 in
375 2879 429 2907 qua
448 2873 602 2904 Turriamis
621 2875 714 2911 legens
734 2875 863 2904 mendose
883 2875 1017 2912 συμβόλων
1036 2882 1085 2910 pro
1107 2876 1258 2908 συλλιβῶγ,
1278 2879 1364 2902 totam
1382 2874 1547 2903 sententiam
1566 2872 1706 2900 subvertit.

1772 2083 1810 2105 Gr.
1827 2090 1849 2111 ρ.
1866 2088 1899 2106 Τῖ-

1772 2329 1861 2350 ‘witin
1878 2330 1935 2350 xm.
1947 2333 1968 2349 11.
