2203 3331
372 256 416 289 52
927 268 955 291 S.
984 269 1154 293 NtCEt’ttom
1180 272 1437 296 ANrmnnssthvs
1464 272 1487 295 1-

373 333 507 359 ctorem
536 322 746 357 excruciavit
769 324 819 371 (1)
836 351 844 366 ,
867 337 932 359 ceu
963 325 1024 373 qui
1052 340 1166 375 neque
1198 329 1404 363 exteriorem
1432 330 1596 373 sormam,
1620 345 1736 379 neque
1757 334 1952 372 subiectam
1973 352 2050 386 peu-

371 397 491 419 ι«11111111
514 384 702 430 figurasset.
732 383 922 432 Propterea
945 386 1049 421 etiam
1070 387 1153 422 idoli
1174 389 1443 436 appellationem
1471 390 1576 425 sacris
1608 391 1742 427 Christi
1769 393 1976 443 imaginibus
2002 400 2049 435 ir-

370 444 624 491 religiosissime
655 445 833 492 adfingere
862 461 967 482 ausus
991 457 1059 485 est:
1082 449 1249 484 nimirum
1271 464 1386 485 carere
1411 451 1595 486 Christum
1624 466 1793 500 persona,
1813 455 1915 493 immo
1944 461 2046 496 etiam

367 505 564 553 hypostasi,
587 505 635 539 sic
659 506 838 542 definiens.
869 506 1052 556 Siquidem
1074 510 1205 545 idolum
1228 525 1298 545 csse
1321 511 1422 545 aiunt
1448 512 1499 546 rei
1530 512 1792 548 insubsistentis
1818 516 1991 555 fictionem
2012 530 2045 556 et

369 565 655 602 similitudinem:
684 581 754 601 nou
783 568 877 603 enim
906 569 946 603 ad
976 570 1009 603 id
1039 570 1240 606 relationem
1268 573 1372 607 habet
1401 573 1458 607 eui
1486 573 1717 617 assimilatur,
1745 575 1804 609 sed
1831 576 2041 623 phantastica

368 626 531 661 confictio
559 635 631 669 est,
653 641 715 675 per
743 642 912 664 summam
941 630 1122 665 stultitiam
1150 641 1257 679 prout
1284 633 1422 667 videtur
1448 634 1570 669 artifici
1601 635 1778 671 efformata
1803 637 1866 684 (2).

472 685 542 721 Sed
570 687 665 722 enim
686 688 885 724 huiusmodi
910 690 1065 736 dogmata
1095 692 1232 738 iugenio
1261 693 1335 728 cius
1366 702 1431 729 tota
1460 694 1704 743 dependeant,
1727 696 1787 732 cui
1814 697 1912 732 nullo
1940 699 2042 735 modo

367 747 514 782 sormam
537 746 676 783 Christo
700 749 854 784 tribucre
876 751 995 798 placet.
1023 750 1136 786 Divus
1160 761 1273 788 tamen
1296 754 1428 789 Paulus
1453 754 1582 790 Christi
1610 757 1815 804 mysterium
1844 772 2043 806 exponens.

365 816 506 855 praeter
527 822 651 851 unam,
674 809 707 843 id
733 819 781 845 est
804 810 976 852 divinam,
998 811 1098 845 aliam
1120 826 1259 861 quoque
1282 814 1313 848 id
1335 824 1387 849 est
1408 816 1497 850 servi
1519 817 1666 851 sormam
1687 818 1788 852 nobis
1813 819 1988 862 exhibuit,
2010 829 2044 855 et

141 876 149 884 ’
166 873 247 899 ΡΜΗΡ-
267 873 328 893 ¹¹-7·
365 868 399 902 in
427 869 693 905 similitudinem
720 871 904 905 hominum
934 870 1116 906 Christum
1143 874 1294 916 sactum,
1317 883 1350 909 et
1376 876 1501 911 habitu
1532 876 1714 912 inventum
1742 887 1781 913 ut
1808 879 1988 915 hominem
2015 883 2042 915 *R

203 936 277 960 (ir-12·
294 938 328 956 ³2³·
365 928 586 978 Quapropter
607 931 667 979 qui
695 930 804 966 Paulo
829 931 1025 974 credimus,
1047 931 1201 979 duasque
1226 932 1356 969 Christi
1386 937 1596 972 confitemur
1624 939 1773 981 formas,
1793 940 1923 987 quibus
1953 940 2043 975 eius-

363 990 444 1025 dem
467 990 599 1026 Christi
620 1001 764 1026 natnrae
787 992 1091 1035 demonstrantur,
1113 993 1308 1040 passibilem
1329 1010 1437 1043 aeque
1460 1011 1497 1032 ac
1521 1011 1582 1032 nos
1604 998 1781 1033 homiuem
1795 1028 1802 1041 ,
1827 1008 1860 1034 et
1879 1001 2041 1036 similiter

361 1052 549 1099 figuratum
576 1052 949 1100 circumscriptumque
972 1053 1111 1088 scimus.
1140 1052 1189 1086 At
1216 1068 1294 1089 vero
1323 1054 1530 1090 Mamonam
1558 1071 1672 1105 neque
1701 1060 1872 1094 humanus
1900 1061 2040 1096 habitus

148 1112 226 1159 ζμῗῗῑ,
237 1112 275 1160 1.),
291 1117 322 1135 2⁷·
360 1112 402 1147 ad
429 1113 760 1160 circumscriptionis
790 1113 903 1147 ideam
929 1113 1096 1155 adduxit,
1119 1127 1234 1162 neque
1262 1114 1341 1149 divo
1366 1114 1474 1150 Petro
1502 1117 1655 1151 attendit
1679 1118 1812 1153 dicenti
1839 1121 1876 1155 ἐξ;
1897 1128 1919 1141 “
1943 1121 2038 1169 quod

362 1202 384 1215 ,‚
412 1173 510 1208 Deus
538 1186 687 1220 puerum
715 1173 832 1207 Iesum
860 1173 1118 1220 glorificaverit:
1146 1202 1167 1216 „
1193 1175 1504 1224 pronuntiavitque
1532 1176 1627 1211 hunc
1651 1191 1801 1224 puerum
1830 1179 1902 1212 sine
1930 1180 2039 1216 forma

361 1248 431 1269 esse
454 1248 492 1268 ac
515 1233 592 1268 sine
615 1247 775 1281 persona.
807 1233 883 1268 Cur
906 1243 1024 1269 autem
1048 1235 1078 1269 ei
1100 1243 1304 1282 reputatum
1325 1244 1373 1270 est
1394 1236 1536 1271 dorsum
1564 1246 1668 1285 atque
1698 1251 1808 1284 genae
1823 1266 1830 1279 ‚
1852 1237 1938 1272 illud
1966 1238 2042 1285 qui-

358 1294 436 1328 dem
464 1293 505 1328 ad
533 1294 672 1328 verbera
687 1322 694 1336 ,
717 1295 779 1328 hae
808 1294 849 1328 ad
880 1294 1061 1342 colaphos,
1084 1303 1117 1329 et
1146 1296 1343 1343 perfossum
1369 1296 1530 1332 divinum
1554 1297 1665 1340 latus,
1689 1297 1933 1346 clavorumque
1955 1299 2040 1333 fixu-

357 1356 442 1390 rae?
472 1354 541 1389 Sed
564 1354 652 1389 haec
674 1353 862 1389 Mamonae
885 1355 1036 1390 ludibrio
1058 1364 1163 1398 suut,
1186 1357 1381 1404 frustraque
1405 1357 1590 1394 dicuntur.
1618 1357 1776 1392 Fortasse
1800 1358 1895 1392 euim
1914 1359 1950 1393 in
1973 1358 2038 1393 hoc

357 1415 461 1450 etiam
488 1415 686 1462 magistrum
714 1415 838 1450 habuit
867 1415 1085 1459 Eusebium,
1115 1417 1176 1464 qui
1202 1430 1289 1451 vane
1318 1418 1486 1453 dictitavit
1514 1427 1622 1453 totam
1649 1418 1793 1453 omnino
1822 1419 2038 1454 immutatam

354 1476 459 1511 suis-se
484 1476 673 1511 humanam
699 1475 831 1511 Christi
860 1477 1025 1520 sormam,
1047 1491 1163 1525 neque
1191 1478 1367 1513 ullatenus
1393 1479 1429 1513 in
1453 1493 1513 1514 sua
1542 1479 1708 1514 mansisse
1737 1479 1949 1527 proprietate
1974 1481 2036 1527 (3).

354 1537 544 1586 Postquam
564 1552 645 1573 vero
669 1538 827 1585 cognovit
846 1538 1034 1574 Mamonas
1056 1539 1239 1574 neminem
1261 1540 1495 1575 orthodoxum
1517 1554 1606 1575 vana
1629 1540 1706 1575 eius
1728 1540 1959 1575 toleraturum
1978 1540 2036 1575 de-

353 1598 450 1641 liria,
473 1598 609 1633 omissis
637 1599 752 1634 verbis
782 1598 823 1633 ad
853 1609 929 1634 acta
957 1600 1115 1647 proruit,
1139 1600 1321 1648 publicum
1349 1615 1385 1635 se
1410 1600 1544 1636 Christi
1571 1602 1704 1636 hostem
1733 1601 1969 1636 constituens:
1994 1615 2034 1635 ex

353 1674 421 1708 quo
443 1668 598 1708 tempore
621 1673 761 1695 omnem
783 1660 980 1695 machinam
1003 1670 1037 1696 et
1060 1670 1228 1697 conatum
1251 1663 1482 1710 exprompsit,
1506 1671 1546 1697 ut
1567 1663 1683 1711 ipsum
1705 1663 1933 1710 archetypum
1955 1675 2035 1696 cum

352 1721 454 1756 icone
485 1721 693 1756 contumelia
722 1722 909 1765 adficeret,
934 1722 1106 1771 simulque
1132 1722 1328 1758 destrueret
1356 1737 1396 1757 ac
1424 1723 1590 1758 memoria
1616 1723 1796 1759 eraderet:
1817 1721 2038 1771 quandoqui-

353 1780 433 1815 dem
462 1781 624 1816 molestus
653 1781 703 1816 illi
734 1781 896 1818 Christus
927 1792 998 1818 erat
1028 1783 1062 1817 in
1093 1783 1241 1830 imagine
1273 1783 1376 1818 etiam
1406 1791 1590 1831 spectatus.
1618 1782 1757 1818 Deinde
1786 1783 1892 1818 veluti
1919 1782 2038 1830 resipi-

352 1855 471 1885 scens,
493 1843 585 1891 quod
607 1843 733 1891 absque
756 1857 904 1892 persona
927 1853 961 1879 et
981 1844 1151 1892 hypostasi
1175 1843 1359 1879 Christum
1380 1844 1493 1887 dicat,
1515 1858 1634 1879 eorum
1656 1844 1767 1878 instar
1789 1844 1850 1892 qui
1873 1858 1913 1878 ex
1934 1844 2036 1891 phre-

351 1903 426 1937 nesi
448 1918 481 1938 se
503 1904 682 1952 recipiunt
709 1913 767 1939 aut
795 1919 835 1939 ex
864 1904 1002 1940 insania
1031 1913 1200 1953 pausant,
1224 1905 1262 1940 in
1283 1920 1318 1940 se
1344 1906 1553 1948 revertitur,
1576 1914 1678 1953 atque
1706 1905 1748 1938 ad
1778 1905 1955 1952 proprium
1978 1917 2034 1938 vo-

351 1963 478 1999 mitum
506 1965 615 2008 redit,
640 1965 826 2013 denuoque
854 1980 1037 2013 personam
1067 1979 1285 2009 memorans,
1309 1967 1374 2002 ait:

455 2027 511 2074 39.
545 2031 592 2070 (ᾖ)
623 2026 841 2074 Impossibile
865 2027 959 2062 enini
980 2035 1050 2069 est,
1074 2027 1148 2061 eius
1171 2027 1233 2075 qui
1256 2041 1296 2061 ex
1317 2027 1452 2061 duabus
1482 2026 1618 2061 naturis
1638 2026 1675 2060 in
1696 2039 1765 2060 una
1786 2038 1930 2072 persona
1953 2024 2033 2058 sub-

354 2090 401 2129 0'29
431 2086 543 2129 sistit,
565 2087 601 2121 in
632 2101 704 2122 una
734 2088 877 2136 quidem
904 2097 1027 2122 natura
1055 2089 1206 2135 figurare
1235 2101 1440 2136 personam,
1467 2088 1501 2122 in
1529 2088 1636 2121 altera
1662 2100 1744 2121 vero
1773 2086 1925 2120 eundem
1956 2098 2031 2119 esse

354 2151 401 2190 024>
433 2146 508 2182 sine
532 2162 685 2195 persona.
710 2157 757 2196 est-‘³
779 2147 907 2184 Adhuc
930 2149 966 2183 in
988 2149 1061 2184 suis
1086 2158 1275 2197 perseverat
1293 2149 1534 2196 dogmatibus,
1552 2162 1624 2183 non
1646 2156 1763 2182 tamen
1783 2148 1899 2195 priore
1918 2147 2030 2182 modo.

351 2205 440 2241 Heie
470 2208 563 2243 enim
586 2209 679 2243 exuit
700 2209 987 2256 interrogativam
1016 2210 1180 2256 figuram,
1203 2224 1241 2244 ac
1270 2209 1382 2244 veluti
1409 2209 1461 2243 sui
1491 2208 1640 2251 oblitus,
1663 2207 1845 2256 superiora
1866 2208 2029 2254 figmenta

350 2267 493 2310 abiicit,
516 2277 547 2303 et
574 2271 786 2304 sententiam
809 2284 911 2305 suam
931 2271 1083 2319 denique
1114 2271 1260 2317 revelat3
1284 2271 1379 2305 haud
1407 2270 1516 2317 logica
1544 2270 1736 2318 procedens
1761 2269 1950 2311 methodo,
1972 2283 2030 2303 ne-

348 2342 417 2376 que
442 2343 482 2363 ex
504 2329 756 2377 seripturarum
777 2340 839 2366 aut
860 2340 1001 2380 patrum
1023 2332 1238 2378 argumentis
1262 2331 1458 2366 orationem
1487 2338 1696 2373 contexens,
1718 2330 1778 2364 sed
1800 2329 1972 2378 quicquid
1997 2330 2028 2364 ei

349 2403 411 2423 sua
437 2397 588 2437 potestas
617 2391 801 2433 concedit,
827 2401 862 2427 et
889 2392 1036 2441 putredo
1064 2392 1212 2435 mentis,
1236 2392 1436 2440 ventrisque
1466 2392 1594 2440 adeps,
1616 2399 1649 2426 et
1669 2391 1819 2425 vomitus
1840 2389 2029 2424 immundi-

351 2449 416 2492 tia,
439 2458 474 2484 et
500 2451 649 2497 aspersio
677 2453 863 2495 stercoris,
887 2462 922 2488 et
950 2454 1205 2488 mundanarum
1231 2452 1402 2501 humique
1424 2452 1626 2500 repentium
1652 2450 1885 2498 cupiditatum
1908 2450 2029 2483 innno-

348 2510 425 2544 dica
452 2511 585 2559 passio,
608 2511 643 2545 in
671 2512 797 2559 quibus
826 2513 951 2548 iactare
975 2528 1008 2549 se
1030 2528 1069 2550 ac
1094 2514 1252 2549 deliciari
1279 2514 1442 2572 putabat,
1466 2512 1685 2547 confidenter
1714 2511 1780 2544 iam
1808 2510 2026 2557 dogmatizat.

348 2570 454 2616 Quod
483 2585 564 2618 ergo
591 2571 688 2606 nobis
716 2586 817 2608 vanos
839 2583 873 2609 et
894 2575 1095 2622 garrulitate
1123 2584 1297 2610 scatentes
1327 2575 1487 2623 propinet
1515 2586 1716 2614 sermones,
1739 2571 1847 2606 cuivis
1877 2571 2028 2619 explora-

347 2641 422 2666 tum
451 2641 513 2667 est.
541 2631 781 2668 Nihilominus
804 2647 865 2669 nos
889 2636 981 2670 haud
1009 2637 1103 2684 piget
1129 2637 1257 2672 horum
1284 2635 1466 2670 hominum
1492 2633 1666 2667 inscitiam
1694 2641 1893 2680 opportune
1921 2640 2025 2680 atque

347 2692 546 2741 importune
568 2694 768 2729 retundere.
792 2694 886 2729 Nihil
909 2697 1005 2732 enim
1028 2697 1196 2746 impedit,
1217 2697 1407 2746 quominus
1428 2708 1490 2729 nos
1513 2708 1613 2729 nunc
1636 2695 1739 2728 etiam
1761 2708 1802 2729 ex
1824 2706 2023 2728 sermonum

424 2822 459 2851 (t)
480 2820 650 2847 Horrendain
670 2821 833 2856 Copronymi
852 2822 979 2849 adversus
998 2831 1033 2849 ss.
1054 2824 1207 2859 imaginum
1228 2823 1285 2858 pios
1305 2822 1424 2849 cultores
1443 2821 1581 2849 saevitiam
1593 2842 1599 2854 ,
1617 2829 1679 2848 cuin
1700 2821 1761 2848 aliis
1781 2820 1848 2846 locis
1868 2824 1928 2846 tum
1944 2825 2023 2852 prae-

345 2863 436 2889 sertim
456 2864 490 2890 ad
510 2873 612 2891 annum
632 2865 691 2892 eius
710 2865 869 2900 imperantis
888 2866 1052 2900 vigesimum
1072 2869 1236 2902 septimum,
1257 2871 1350 2894 narrat
1368 2866 1547 2900 Theophanes
1568 2866 1594 2893 in
1614 2866 1753 2893 chronico.

424 2910 459 2939 (2)
478 2908 577 2936 Confer
595 2910 706 2936 Macarii
729 2910 819 2937 locum
840 2911 954 2937 citatum
975 2919 1000 2945 p.
1021 2915 1064 2938 44.
1086 2920 1114 2938 n.
1136 2915 1161 2938 2.

426 2954 459 2983 (3)
479 2953 672 2981 Animadverte
685 2954 872 2990 gravissimam
888 2955 1033 2990 Nicephori
1049 2955 1178 2984 adversus
1193 2956 1340 2983 Eusebium
1357 2955 1585 2983 criminationem.
1603 2954 1703 2983 Confer
1717 2953 1841 2989 superius
1857 2960 1882 2987 p.
1900 2955 1940 2978 13.
1954 2958 1981 2977 n.
1999 2952 2023 2976 ί.
