2203 3331
424 184 492 217 224
1017 193 1045 217 s.
1071 194 1244 217 mesenen!
1272 193 1512 217 aromcimcts

425 247 620 283 Abrahamo
646 245 861 294 patriarchae
886 247 995 282 factae
1016 249 1127 291 filios,
1150 263 1282 297 perque
1302 262 1400 283 suam
1426 262 1567 284 crucem
1591 249 1635 284 de
1660 249 1795 286 inimici
1820 264 1928 287 manu
1952 253 2101 301 eripuit,

426 318 460 343 et
485 307 654 354 evangelii
680 307 943 355 praedicatione
968 322 1008 343 ex
1032 309 1171 343 dirersis
1195 309 1395 356 regionibus
1422 309 1584 356 collegit,
1607 319 1712 358 atque
1739 311 1775 346 in
1800 311 1961 348 Israhclis
1988 322 2102 356 terra,

426 382 513 416 quae
537 368 668 402 Christi
692 368 840 403 ecelesia
861 377 967 416 prout
987 368 1063 404 Deo
1086 370 1235 416 dignum
1259 378 1311 404 est
1334 369 1570 417 intelligetur,
1593 370 1826 416 coadunavit,
1848 373 2102 423 montibusque

426 429 493 463 alte
511 428 654 463 structis
673 442 712 462 ac
731 428 881 476 mysticis
893 457 901 471 ,
914 429 1133 476 dogmatibus
1151 429 1285 465 scilicet
1303 430 1489 477 theologiae
1507 430 1729 474 sublimibus,
1745 433 1984 469 communivit.
2003 434 2103 480 Quae

357 502 388 520 ι
426 489 554 524 clarius
576 489 611 523 111
634 490 862 536 sequentibus
886 489 1023 524 docebit
1046 492 1082 526 *ἢ
1104 497 1126 511 “
1153 499 1187 525 et
1209 490 1372 538 princeps
1394 504 1506 533 unus,
1529 491 1670 539 inquit,
1694 492 1760 527 erit
1780 493 1923 529 illorum
1943 495 2103 530 omnium

191 1110 197 1117 '
217 1107 305 1128 baruch
322 1106 357 1127 111.
374 1108 393 1126 5³.

429 579 451 593 „
481 564 557 595 rcxg
576 564 690 598 neque
714 559 818 585 eruut
835 551 970 585 diutius
988 551 1077 585 duae
1097 560 1237 597 gentes,
1252 565 1368 599 neque
1387 551 1555 600 deinceps
1575 552 1779 588 scindentur
1798 554 1834 588 111
1854 568 1960 602 regua
1980 556 2061 591 duo.
2080 584 2104 599 „

530 611 587 646 55.
617 610 705 656 Quis
733 610 819 645 adeo
846 611 945 646 rudi5
973 619 1006 645 et
1035 611 1205 659 insipiens
1224 639 1232 653 ,
1262 612 1323 660 qui
1351 626 1421 647 11011
1451 626 1691 647 consensurus
1720 613 1763 648 sit
1790 622 1823 648 et
1852 616 2077 650 confessurus
2096 644 2104 658 ,

426 671 606 719 perspicue
632 672 715 706 haec
739 680 773 705 ct
796 671 938 719 limpide
964 670 1000 705 in
1024 679 1114 706 statu
1139 680 1257 706 nostro
1281 672 1470 707 christiano
1495 673 1720 708 elucescere?
1748 673 1876 722 Neque
1897 674 2106 710 Zorobabeli

426 732 663 780 propheticam
681 731 959 766 accommodabit
977 732 1156 780 quisquam
1174 732 1367 767 dictionem
1379 762 1387 775 ,
1409 733 1435 767 si
1456 734 1558 768 modo
1579 734 1767 769 meliorum
1785 735 1911 769 sectari
1928 735 2019 770 volet
2039 737 2107 770 sus-

426 793 582 839 sragium.
605 792 666 827 1110
689 792 780 826 enim
802 801 879 840 post
901 792 1137 839 captivorum,
1159 792 1195 826 id
1217 801 1271 828 est
1292 793 1526 836 Iudaeorum,
1547 794 1723 842 Babylone
1745 795 1919 838 reditum,
1941 810 2015 831 non
2038 797 2106 831 suit

426 853 559 887 liberati
587 867 699 901 nuper
725 852 886 887 servitute
915 852 1036 900 populi
1063 853 1275 888 constitutus
1304 867 1386 897 rex,
1411 854 1470 889 sed
1495 855 1564 889 dux
1592 855 1711 903 populi
1740 863 1877 890 tantum
1905 856 1999 903 genti
2025 870 2106 891 suae

427 923 582 963 praeerat
609 929 648 950 ac
676 914 930 949 moderabatur.
960 913 1200 959 Quamobrem
1228 914 1260 949 ei
1287 915 1482 950 dictionem
1508 916 1600 951 hanc
1629 916 1918 959 accommodare,
1938 931 2011 952 non
2042 917 2106 952 erit

428 975 644 1010 rationabile.
667 974 742 1009 Rex
763 988 865 1022 porro
887 988 986 1009 verus
1006 974 1248 1023 principaliter
1267 989 1414 1023 vereque
1436 985 1487 1010 est
1509 977 1668 1012 omnium
1690 978 1853 1013 nostrum
1874 986 2044 1025 regnator
2065 992 2107 1013 ac

429 1035 628 1070 dominator
653 1034 815 1069 Christus
836 1033 934 1069 Deus
959 1043 1097 1077 noster,
1120 1035 1182 1083 qui
1209 1035 1537 1071 incommutabilem
1562 1037 1671 1072 babet
1697 1038 1960 1086 principatum,
1982 1047 2017 1073 et
2040 1038 2108 1085 glo-

430 1097 515 1131 riam
543 1110 632 1144 quac
662 1095 795 1130 auscrri
823 1109 894 1129 11011
921 1104 1057 1143 potest3
1086 1096 1176 1131 sicut
1203 1096 1406 1144 prophetica
1432 1110 1497 1131 vox
1525 1096 1575 1131 ait
1602 1098 1638 1133 *ἦ
1665 1104 1687 1118 “
1721 1106 1758 1133 tu
1786 1098 1824 1132 in
1852 1098 2109 1146 sempiternum

433 1186 455 1197 ,t
485 1157 601 1200 sedes,
620 1171 683 1191 nos
705 1165 821 1191 autem
841 1156 996 1204 perimus
1019 1156 1169 1212 inXacvo.
1192 1185 1214 1200 „
1237 1156 1367 1192 Sumus
1389 1165 1507 1192 autem
1529 1158 1561 1192 ei
1582 1172 1644 1193 nos
1667 1158 1836 1201 subiecti,
1855 1168 1890 1193 et
1911 1160 1975 1194 sub
1998 1160 2108 1194 unico

429 1233 509 1265 rege
533 1218 654 1252 cuncti
677 1217 857 1264 degimusg
881 1217 993 1252 solum
1014 1217 1131 1265 ipsum
1151 1217 1299 1253 revelata
1320 1218 1430 1261 facie,
1455 1227 1491 1253 et
1515 1227 1702 1254 constante
1726 1219 1829 1254 corde
1850 1218 1971 1254 Deum
1991 1233 2031 1254 ae
2051 1220 2110 1254 ‹lo-

428 1278 566 1313 minum
596 1278 803 1312 confitentes
829 1277 1156 1326 praedicantesque.
1184 1277 1373 1326 Propterea
1393 1292 1438 1313 ne
1459 1278 1643 1314 distinctio
1672 1279 1815 1328 quidem
1842 1288 1901 1314 aut
1928 1280 2110 1314 diversitas

430 1339 667 1373 subiectorum
695 1338 725 1372 ei
752 1338 820 1373 ulla
849 1347 921 1384 est,
948 1338 1017 1372 iam
1047 1339 1143 1373 enim
1163 1339 1256 1374 haud
1284 1338 1372 1374 alius
1400 1339 1458 1374 alii
1485 1340 1558 1386 regi
1585 1340 1820 1388 obtemperatg
1845 1354 1890 1375 ne
1916 1341 2000 1375 111110
2024 1342 2110 1375 forte

431 1401 468 1434 in
497 1400 611 1448 plures
638 1399 862 1447 diversasque
891 1399 1082 1434 sententias
1105 1408 1139 1434 et
1161 1399 1371 1446 irreligiosas
1393 1400 1580 1448 opiniones
1608 1400 1730 1443 divisi,
1751 1401 1793 1435 ad
1820 1400 1990 1436 absurdos
2017 1401 2112 1436 dete-

433 1461 644 1508 standosque
668 1461 783 1495 cultus
807 1460 1013 1495 discorditer
1041 1459 1279 1502 dissecentur,
1301 1468 1404 1508 atque
1429 1461 1471 1495 ad
1492 1461 1666 1495 idolorum
1692 1461 1853 1496 scandala
1881 1461 2111 1497 inclinentur.

434 1520 508 1565 Qui
530 1521 625 1555 enim
645 1520 679 1554 id
700 1521 822 1557 fieret?
841 1520 1014 1569 siquidem
1037 1533 1151 1556 unum
1172 1520 1356 1569 solumque
1377 1528 1504 1555 natura
1526 1529 1647 1568 suapte
1669 1519 1789 1556 Deum
1810 1535 1848 1555 ac
1869 1535 1987 1568 regem
2008 1535 2112 1568 agno-

432 1590 561 1616 verunt
584 1589 619 1615 et
640 1581 782 1616 adorare
806 1582 921 1616 edocti
943 1590 1035 1617 sunt.
1056 1581 1301 1617 Manil'estabit
1319 1589 1435 1615 autem
1455 1581 1540 1616 haec
1560 1581 1660 1616 nobis
1681 1581 1878 1616 evidentius
1899 1582 2112 1630 subsequens

364 1654 397 1670 ³-
434 1642 543 1677 dictio
568 1644 586 1663 ᾗ
607 1648 630 1663 “
655 1650 688 1676 et
710 1642 885 1677 mundabo
912 1656 990 1686 eos,
1014 1651 1188 1691 eruntque
1213 1642 1299 1677 mihi
1321 1642 1496 1690 populus,
1520 1650 1556 1677 et
1580 1655 1641 1689 ego
1666 1641 1732 1676 illis
1754 1641 1864 1677 Deus
1890 1670 1912 1685 „

238 1778 245 1787 ¹
263 1775 332 1797 hebr.
348 1775 363 1795 1.
378 1776 398 1795 3.

228 1839 308 1865 [111101.
324 1837 351 1858 V.
366 1840 398 1858 ⁴21·-

243 1960 251 1967 “
267 1958 311 1978 Tit.
327 1956 354 1977 11.
371 1958 403 1976 ta.

277 2020 316 2039 (ir.
330 2024 352 2044 p.
370 2020 402 2037 93.

205 2143 212 2150 “
234 2140 300 2161 mbr.
319 2138 355 2159 IX.
373 2140 403 2157 13.

228 2386 237 2396 '
254 2384 269 2404 1.
287 2383 334 2404 11111.
351 2384 368 2404 1.
384 2385 404 2404 7.

263 2500 272 2509 ·
288 2498 367 2519 Erech.

247 2525 320 2545 xxxx
330 2525 356 2545 11.
372 2528 403 2545 24.

538 1702 627 1749 Quis
654 1717 757 1751 porro
784 1703 957 1738 mundans
972 1732 980 1746 ,
1004 1712 1036 1738 et
1057 1703 1203 1751 quinam
1222 1703 1400 1742 mundati,
1422 1702 1524 1737 facile
1553 1716 1830 1750 cognoscemus,
1851 1703 1879 1737 si
1906 1702 2113 1752 apostolicas

435 1777 535 1798 voces
565 1762 768 1805 audiemus,
790 1764 920 1811 quibus
947 1778 1001 1798 res
1030 1764 1212 1799 servatoris
1240 1763 1351 1799 nostri
1375 1762 1509 1798 Christi
1537 1763 1725 1799 docemur:
1749 1763 1830 1812 quia
1853 1764 1871 1784 ³*
1892 1769 1915 1784 ‘²
1939 1763 2114 1811 purgatio-

439 1854 461 1868 „
489 1838 571 1859 nem
593 1838 654 1872 per
675 1838 710 1859 se
732 1824 848 1872 ipsum
869 1825 953 1860 fecit
973 1834 1204 1873 peccatorum
1223 1833 1435 1860 nostrorum.
1463 1824 1527 1868 Et,
1550 1824 1629 1873 quIa
1652 1825 1669 1845 ξ*
1692 1824 1741 1859 510
1763 1824 1885 1859 dilexit
1905 1823 2090 1859 ecclesiam
2104 1851 2112 1864 ,

443 1914 465 1929 „
495 1894 530 1920 et
557 1900 590 1920 se
620 1885 733 1933 ipsum
759 1886 906 1920 tradidit
932 1900 993 1934 pro
1022 1900 1082 1929 ea,
1108 1894 1148 1921 ut
1174 1886 1268 1921 illam
1294 1886 1548 1928 sanctificaret,
1571 1885 1748 1920 mundans
1774 1886 1910 1920 lavacro
1938 1898 2047 1933 aquae
2076 1884 2112 1918 in

444 1975 466 1989 „
494 1947 609 1981 verbo.
635 1975 658 1989 „
678 1945 725 1980 Et
747 1946 827 1980 alibi
844 1947 877 1983 *ἢ
896 1952 918 1967 “
940 1955 1159 1994 expectantes
1179 1947 1317 1982 beatam
1337 1960 1433 1995 spem
1454 1955 1488 1981 et
1508 1946 1830 1982 manifestationem
1850 1945 1978 1992 gloriae.
1999 1943 2115 1990 magui

446 2035 468 2049 ,,
496 2005 566 2041 Dei
595 2015 627 2041 et
655 2006 839 2041 servatoris
860 2007 974 2041 nostri
994 2006 1075 2042 Iesu
1100 2006 1257 2050 Christi,
1279 2008 1340 2055 qui
1367 2007 1463 2042 dedit
1487 2015 1596 2042 semet
1617 2008 1732 2055 ipsum
1759 2021 1820 2055 pro
1847 2006 1968 2048 nobis,
1991 2013 2031 2040 ut
2051 2018 2115 2039 nos

446 2096 468 2110 „
495 2067 683 2102 redimeret
704 2068 745 2101 ab
768 2067 864 2101 omni
890 2067 1096 2115 iniquitate,
1121 2076 1153 2102 et
1178 2068 1362 2103 mundaret
1389 2068 1455 2103 sibi
1482 2068 1652 2116 populum
1677 2067 1948 2116 acceptabilem,
1970 2073 2117 2100 sectato-

446 2157 468 2171 „
496 2141 571 2162 rem
597 2128 774 2163 bonorum
795 2142 952 2176 operum.
980 2128 1025 2163 Et
1044 2143 1166 2164 rursus
1186 2130 1223 2165 *ἢ
1244 2129 1273 2163 51
1294 2128 1391 2164 enim
1411 2129 1554 2176 sanguis
1582 2137 1764 2163 taurorum
1787 2137 1891 2176 atque
1912 2127 2114 2169 hircorum,

445 2217 467 2231 ‚,
495 2197 528 2223 et
550 2188 638 2223 ciuis
659 2189 787 2223 vitulae
809 2203 966 2237 aspersus
988 2190 1190 2238 inquinatos
1218 2191 1416 2225 sanctificat
1437 2189 1480 2224 ad
1509 2189 1796 2224 emundationem
1822 2188 1957 2230 carnis,
1981 2196 2116 2236 quanto

445 2277 467 2292 „
495 2249 600 2296 inagis
629 2249 768 2296 sanguis
793 2249 946 2293 Christi,
968 2250 1027 2298 qui
1047 2265 1106 2298 per
1127 2259 1307 2286 aeternum
1330 2250 1504 2299 Spiritum
1527 2259 1636 2285 semet
1660 2250 1774 2298 ipsum
1795 2249 1924 2285 obtulit
1950 2249 2118 2284 immacu-

444 2337 467 2351 „
496 2310 601 2343 latum
623 2309 718 2351 Deo,
738 2310 946 2345 emundabit
969 2311 1222 2346 conscientiam
1242 2321 1399 2347 nostram
1418 2326 1437 2346 a
1458 2311 1609 2346 mortuis
1631 2311 1812 2359 operibus,
1831 2310 1872 2346 ad
1894 2310 2116 2345 serviendum

444 2397 467 2411 ‚,
495 2368 571 2404 Deo
593 2369 723 2404 viventi
743 2385 782 2405 ac
803 2372 907 2406 vero?
929 2370 974 2406 Et
989 2373 1025 2415 ᾗ,
1046 2373 1186 2419 sanguis
1206 2372 1285 2407 10511
1308 2373 1369 2407 11111
1387 2372 1455 2407 1)οἰ
1476 2372 1644 2407 emundat
1666 2386 1730 2406 nos
1748 2372 1789 2406 ab
1808 2371 1904 2406 omni
1924 2379 2069 2418 peccato
2092 2399 2115 2413 „

441 2430 635 2476 discipulus
665 2430 855 2466 Servatoris
883 2432 1044 2480 scripsit:>
1069 2447 1137 2480 quo
1165 2447 1228 2467 nos
1256 2433 1431 2481 purificati
1458 2446 1477 2467 a
1504 2433 1676 2467 fermento
1702 2440 1842 2474 vetere,
1862 2444 1951 2466 nova
1977 2431 2013 2465 in
2041 2431 2116 2478 ipso

441 2504 550 2525 massa
580 2491 765 2526 existimus.
793 2491 936 2527 Deinde
960 2494 996 2529 ’ἧς
1018 2498 1040 2514 “
1066 2502 1099 2528 et
1127 2508 1246 2528 servus
1275 2508 1373 2529 meus
1397 2493 1533 2535 David,
1556 2493 1716 2540 princeps
1743 2492 1781 2526 in
1810 2492 1926 2527 medio
1955 2491 2117 2535 illorumg

445 2579 467 2594 ,,
498 2559 529 2584 et
556 2558 669 2598 pastor
694 2565 784 2585 unus
813 2553 877 2587 crit
901 2553 1084 2599 omnium3
1108 2553 1291 2603 Davidque
1316 2568 1433 2589 servus
1460 2567 1559 2589 meus
1586 2554 1752 2601 princeps
1780 2565 1905 2587 eorum
1932 2553 1968 2586 in
1996 2566 2117 2600 perpe-

446 2640 468 2654 „
497 2620 600 2646 tuum
624 2612 699 2646 erit.
728 2640 750 2655 ,,

547 2670 606 2705 Sic
635 2672 712 2706 divo
741 2673 904 2720 propheta
932 2674 1061 2710 diserte
1089 2676 1343 2724 proclamante,
1368 2675 1615 2723 Christumque
1641 2674 1759 2710 Deum
1782 2682 1967 2717 nostrum,
1989 2688 2030 2709 ex
2050 2673 2118 2709 Da-

441 2731 520 2766 vid'e
542 2732 739 2767 secundum
761 2746 902 2768 carnem
924 2743 1040 2770 ortum
1062 2736 1345 2779 demonstrante,
1365 2751 1408 2771 ne
1430 2736 1577 2771 ludaeos
1598 2735 1757 2783 quidem,
1776 2748 1990 2784 quamquam
2012 2734 2116 2769 corde

444 2792 707 2827 incircumcisos
730 2801 764 2828 et
784 2807 926 2841 peccare
948 2796 1084 2839 solitos,
1107 2797 1144 2831 in
1173 2806 1304 2832 tantam
1327 2797 1432 2832 moris
1460 2796 1705 2839 scaevitatem,
1729 2797 1930 2845 mentisque
1957 2796 2121 2843 perversi-

444 2861 548 2889 tatem
575 2853 738 2890 devenire
766 2862 961 2902 oporteret,
984 2865 1023 2891 ut
1046 2858 1264 2893 caecutirent
1294 2866 1413 2893 contra
1434 2866 1505 2892 tam
1525 2857 1657 2892 clarum
1684 2857 1939 2905 limpidumque
1965 2856 2118 2891 veritatis
