2203 3331
240 532 244 543 1
283 532 294 543 ·.
314 527 334 543 132
351 538 356 544 .

399 206 460 238 1:36¹>
938 213 966 236 s.
993 214 1164 236 memnoni
1192 214 1448 236 ,xxrnmnm'uzrs
1476 215 1527 236 nl.

394 277 508 309 creto,
535 281 572 301 ex
604 267 668 301 liae
696 267 806 309 urbe,
831 280 936 315 quam
963 268 1052 303 male
1080 268 1341 315 irreligiosoque
1369 268 1589 310 insederant,
1615 268 1709 305 bene
1736 270 1958 321 feliciterque
1986 275 2078 322 pulsi

393 331 559 372 sucrrmtg
586 335 747 361 errantes
769 327 991 374 planetarum
1011 342 1104 363 more
1127 337 1258 363 sectam
1278 327 1475 375 religiosam
1497 329 1732 376 quaerebant,
1755 331 1790 366 in
1814 346 1884 380 qua
1909 333 2078 381 imagines

392 396 694 435 monumentaque
726 387 857 423 Christi
884 389 1140 424 incarnationis
1168 402 1240 423 non
1270 397 1488 436 apparerent.
1520 388 1736 425 Invenerunt
1765 401 1883 428 autem
1912 393 2079 430 dilectam

392 448 457 483 sibi
487 448 620 483 iamdiu
650 447 953 484 Manichaeorum
982 449 1263 484 incredulitatem
1287 457 1319 484 et
1340 449 1572 491 atheismum.
1594 464 1749 500 suaeque
1777 454 1971 489 sententiae
1999 469 2081 489 con-

392 522 532 552 sonam,
549 509 755 557 placitisque
778 511 973 553 faventem,
993 524 1101 558 eaque
1124 511 1311 545 docentem
1331 524 1485 558 quorum
1505 510 1570 558 ipsi
1592 511 1719 546 iamdiu
1740 512 1914 549 desiderio
1934 524 1968 550 et
1989 529 2081 550 amo-

395 584 428 604 rc
451 570 676 605 tenebantur.
705 569 894 619 Propterea
915 571 1070 618 plerique
1103 571 1248 606 istorum
1278 579 1463 619 postquam
1488 571 1744 606 consessionem
1771 573 1983 609 adamussim
2004 590 2082 610 nos-

395 639 483 665 tram
504 630 607 664 iurati
631 631 802 673 fecerant,
823 639 997 679 postremo
1016 631 1173 665 vesaniae
1196 631 1246 665 illi
1267 631 1516 667 adhaeserunt:
1536 632 1571 666 in
1593 646 1663 680 qua
1681 632 1895 681 deprehensi
1915 636 2081 671 nonnulli

393 704 598 739 supremum
624 691 857 739 supplicium,
880 700 983 739 prout
1009 690 1102 738 leges
1128 691 1272 734 iubent,
1295 692 1404 739 gladio
1430 692 1658 727 anirnadversi
1681 693 1884 730 subierunt.

498 752 556 800 (if).
586 751 645 785 Est
668 760 786 786 autem
808 752 965 786 omnium
988 751 1230 786 miserrimum
1244 780 1252 794 ,
1274 761 1306 786 ct
1332 752 1456 796 luctu,
1481 753 1611 800 gemitu
1627 782 1634 796 ,
1656 753 1888 801 lacrymisque
1910 754 2080 802 dignum,

393 812 486 861 quod
515 814 557 847 ab
584 813 709 847 horum
737 813 959 861 opinionil.›us
987 822 1091 860 atque
1119 813 1236 847 verbis
1260 814 1446 848 transversi
1467 823 1623 861 aguntur
1645 815 1749 850 huius
1776 815 1942 863 temporis
1971 830 2082 851 sacer-

393 874 490 908 dotes
511 882 614 921 atque
639 873 794 921 episcopi
816 874 885 921 (1):
904 881 939 907 et
958 873 1019 921 qui
1038 873 1210 907 deberent
1229 874 1382 922 perditas
1401 889 1479 911 oves
1500 889 1662 910 revocare
1686 883 1720 910 et
1740 875 1933 924 inspicere,
1954 884 2080 924 utpote

395 942 489 969 reeta
518 935 708 981 dextraque
736 933 909 968 sententia
937 933 1140 968 deerrantes
1159 961 1166 975 ,
1196 942 1231 968 et
1258 948 1276 968 a
1302 934 1389 969 mala
1418 935 1527 970 bestia
1554 936 1755 979 retrahere,
1783 937 1842 971 has
1870 945 1992 971 contra
2018 951 2082 985 per

395 994 600 1042 praecipitia
630 1003 663 1029 ct
690 995 847 1028 barathra
876 994 1092 1029 infidelitatis
1119 994 1341 1042 propellunt3
1367 1009 1480 1043 quum
1508 1005 1684 1044 oporteret
1712 997 1829 1045 potius
1857 998 2006 1033 maxima
2035 1012 2083 1033 sa-

394 1055 475 1089 lutis
503 1054 701 1089 adiumenta
729 1055 769 1089 ab
798 1054 851 1089 his
887 1063 1078 1102 expectare.
1108 1054 1206 1100 Quid
1240 1069 1342 1102 porro
1373 1068 1454 1090 cum
1483 1055 1525 1090 iis
1554 1057 1696 1103 agitur,
1724 1057 1778 1092 vel
1807 1058 1895 1106 quid
1926 1058 2081 1093 accidit?

396 1116 622 1151 Contrarium
650 1116 800 1163 penitus,
831 1115 925 1151 Cum
953 1116 1149 1151 hebetiores
1180 1117 1251 1151 sint
1272 1116 1450 1164 magisque
1473 1117 1643 1164 magistris
1667 1119 1738 1153 suis
1765 1119 1937 1166 pecudei,
1957 1120 2000 1154 ab
2028 1120 2082 1154 his

394 1177 510 1224 potius
533 1176 780 1224 decipiuntur,
803 1185 837 1211 et
859 1177 979 1211 illicita
1000 1178 1198 1219 docentur,
1221 1177 1389 1212 deteriori
1410 1178 1502 1225 parti
1525 1192 1562 1213 se
1585 1178 1814 1221 addicentes,
1837 1194 1947 1227 aeque
1969 1194 2007 1214 ac
2031 1179 2081 1214 illi

394 1237 427 1270 in
459 1237 559 1271 coeni
581 1237 753 1284 gurgitem
772 1237 982 1286 praccipites
1012 1246 1144 1280 ruunt,
1166 1251 1286 1272 secum
1314 1251 1459 1286 operum
1482 1238 1596 1273 socios
1618 1238 1824 1282 abducunt,
1847 1248 1880 1273 ct
1903 1247 2082 1287 tamquam

394 1298 589 1332 exitialibus
620 1298 863 1333 Instrnmentis
894 1312 1036 1334 suarum
1058 1299 1220 1334 adversus
1249 1298 1459 1333 orthodoxos
1488 1299 1786 1334 contumeliarum
1810 1308 1912 1348 atque
1938 1299 2084 1334 iniuria-

394 1372 472 1394 rum
494 1367 652 1395 utuntur.
677 1358 816 1407 Quippe
838 1360 923 1394 doni
943 1359 1099 1408 Spiritus
1118 1359 1328 1395 unctionem
1345 1360 1492 1407 penitus
1511 1360 1724 1407 abnegantes
1737 1389 1744 1403 ,
1766 1369 1799 1395 et
1818 1374 1950 1395 sacram
1965 1374 2084 1409 quam-

394 1420 480 1454 libet
509 1420 787 1469 canonicamque
816 1421 974 1467 regulam
1003 1421 1205 1468 abrogantes
1223 1449 1231 1463 ‚
1260 1429 1363 1469 atque
1392 1421 1644 1456 ecclesiasticae
1675 1421 1788 1456 omnis
1816 1421 2083 1457 constitutionis

395 1480 697 1529 ordinationisque
726 1481 843 1523 obliti,
869 1481 1029 1516 civilibus
1051 1481 1189 1528 legibus
1210 1481 1413 1530 actibusque
1434 1482 1558 1516 vivunt
1573 1511 1580 1524 ,
1603 1491 1637 1517 et
1658 1482 1850 1517 mundanis
1874 1482 2082 1529 magistrati-

395 1541 458 1575 bus
480 1550 562 1576 sunt
585 1542 747 1584 obnoxii,
771 1551 803 1576 ct
824 1542 939 1584 victu,
960 1542 1139 1585 moribus,
1162 1542 1447 1585 conversatione,
1469 1542 1630 1585 iudiciis,
1655 1543 1795 1578 cunctis
1818 1543 1975 1590 denique
1996 1543 2082 1577 vitae

394 1601 550 1644 actibus,
572 1602 624 1635 liis
653 1603 894 1650 obtemperant
916 1604 959 1638 ab
980 1603 1096 1651 iisque
1125 1611 1308 1650 reguntur.
1338 1602 1411 1637 Sed
1432 1617 1504 1637 non
1534 1611 1585 1638 cst
1613 1604 1700 1638 haec
1722 1602 1840 1637 Iacobi
1866 1604 1978 1650 portio
1993 1631 2001 1645 ‚
2023 1617 2085 1638 ne-

394 1676 461 1710 que
482 1662 682 1697 huiusmodi
703 1672 788 1698 sunt
809 1664 1087 1699 orthodoxorum
1108 1664 1268 1711 dogmata
1289 1678 1328 1698 ac
1350 1664 1565 1707 sententiae,
1585 1677 1702 1712 neque
1727 1664 1791 1698 tale
1812 1663 1902 1698 vitae
1923 1664 2084 1712 ipsorum

394 1724 626 1771 propositum;
651 1724 757 1758 immo
785 1725 963 1760 contraria
992 1725 1159 1767 omnino,
1181 1739 1222 1760 ac
1246 1725 1297 1759 illi
1318 1725 1433 1760 solent
1455 1725 1667 1773 perditionis
1692 1734 1891 1774 operatores
1906 1754 1913 1768 ‚
1937 1725 1964 1759 si
1991 1734 2084 1760 certe

395 1784 547 1819 invicem
571 1786 730 1819 conferre
752 1785 854 1828 lieet,
875 1786 929 1820 via
953 1795 1111 1834 pergunt.
1132 1786 1251 1835 Atque
1275 1794 1315 1821 ut
1337 1786 1539 1821 summatim
1558 1786 1691 1829 dicam,
1711 1787 1747 1820 hi
1769 1786 1992 1834 iniquitatem
2013 1800 2085 1821 om-

395 1859 477 1880 nem
506 1846 679 1889 oderunt‚
707 1846 876 1882 virtutem
904 1861 1047 1882 omnem
1074 1848 1255 1890 ambiunt,
1285 1847 1458 1896 quicquid
1486 1848 1620 1882 bonum
1649 1855 1698 1882 cst
1724 1847 1917 1889 honorant,
1947 1847 2082 1893 egregia

394 1907 510 1941 onmia
538 1907 722 1950 adamant,
745 1921 885 1943 omnem
913 1907 990 1943 Deo
1017 1908 1179 1957 placitam
1209 1909 1511 1944 conversationem
1534 1916 1734 1945 sectantur:
1759 1916 1914 1942 sanctam
1942 1920 2083 1942 omnem

394 1974 592 2016 rectamque
622 1968 822 2003 doctrinam
851 1969 1052 2017 recipiunt,
1074 1969 1247 2018 quicquid
1267 1970 1309 2004 ad
1331 1983 1464 2004 sacram
1484 1969 1671 2004 ecclesiam
1693 1969 1832 2003 adtinet
1851 1967 2011 2003 studiose
2032 1981 2084 2002 re-

394 2027 535 2073 00101115
561 2043 624 2076 per
651 2043 738 2077 quae
768 2028 843 2064 Deo
871 2030 1179 2079 appropinquant,
1199 2029 1403 2078 aeternique
1433 2030 1535 2077 regni
1563 2030 1707 2064 heredes
1736 2030 1850 2071 siunt,
1874 2029 2082 2076 angelorum

398 2098 596 2133 consorteS,
619 2090 825 2126 sanctorum
847 2091 1000 2137 sodales3
1021 2092 1057 2126 in
1080 2092 1175 2126 omni
1195 2091 1340 2126 demum
1359 2105 1415 2134 re,
1438 2091 1534 2139 quod
1556 2091 1730 2126 laudabile
1754 2099 1806 2125 est
1827 2098 1859 2125 et
1882 2090 2081 2137 egregium,

397 2150 538 2186 l'aeiunt.
567 2150 733 2196 Quorum
752 2152 842 2186 nihil
864 2152 1049 2187 adversarii
1077 2161 1241 2200 agentes,
1262 2151 1456 2199 ignominia
1484 2151 1688 2200 replentur,
1711 2150 1911 2198 divinisque
1939 2148 2083 2184 iudiciis

397 2210 551 2245 damnati
578 2211 611 2245 in
638 2220 825 2248 aeternum
854 2221 968 2248 erunt.

503 2285 558 2319 7⁰·
588 2272 680 2317 Quia
708 2274 757 2321 (2)
784 2287 866 2308 vero
895 2288 912 2307 a
944 2272 1079 2308 Christi
1106 2273 1270 2309 hostibus
1298 2272 1470 2309 nonnulla
1492 2273 1690 2315 iactantur,
1712 2286 1801 2321 quae
1824 2271 2005 2307 mendacii
2027 2284 2085 2318 pa-

397 2345 475 2365 rcns
498 2331 563 2365 illis
587 2333 712 2375 adflat,
733 2334 842 2380 agesis
865 2334 1069 2369 cuiusmodi
1089 2335 1174 2370 haec
1197 2349 1338 2383 quoque
1361 2334 1430 2369 sint
1449 2334 1721 2369 consideremus.
1745 2332 1950 2367 Gloriantur
1968 2330 2082 2373 enim,

399 2400 535 2439 propter
562 2392 689 2427 illatam
719 2393 859 2430 Christo
888 2395 1128 2444 ecclesiaeque
1156 2395 1427 2438 contumeliam,
1449 2395 1638 2430 diuturnae
1668 2394 1755 2429 ritae
1782 2392 1887 2440 spatia
1909 2405 1991 2426 cum
2016 2405 2085 2426 ma-

478 2495 498 2517 ‘1
534 2493 659 2520 havniae
675 2495 764 2527 potius
779 2495 920 2530 episcopos
935 2496 986 2522 snb
1002 2497 1093 2523 Leone
1111 2497 1234 2523 armenio
1252 2497 1351 2523 iterum
1371 2495 1457 2522 factos
1474 2495 1670 2522 {conor-instas.
1685 2501 1767 2528 quam
1786 2493 1848 2519 illos
1869 2491 2084 2527 pseudo-synodi

396 2536 448 2563 sub
468 2539 653 2572 (ξυμ-01111110,
674 2538 706 2564 de
726 2540 826 2573 quihus
845 2540 964 2567 diximus
983 2542 1011 2567 in
1032 2541 1096 2567 adn.
1118 2540 1151 2567 ad
1172 2545 1276 2568 textum
1297 2549 1435 2575 graecum.

482 2584 502 2610 Υ2
533 2582 694 2614 sequentem
715 2582 922 2616 sesquipaginae
943 2588 1060 2610 tractum
1081 2585 1119 2611 ait
1139 2585 1264 2611 Petavius
1283 2593 1311 2611 se
1332 2585 1358 2611 in
1380 2585 1512 2619 parisiaco
1532 2583 1706 2617 Theophanis
1728 2581 1821 2608 codice
1842 2581 1992 2612 invenisse,
2014 2585 2085 2607 tam·

398 2632 479 2658 quam
501 2632 530 2650 ex
551 2625 703 2658 *Nicephoro
727 2631 900 2660 excerptum,
920 2627 993 2662 quod
1019 2627 1118 2654 idcirco
1140 2630 1166 2655 in
1186 2629 1260 2655 calee
1284 2629 1385 2663 posuit.
1400 2627 1575 2654 historiarum
1600 2626 1744 2660 ,Nn-ephori
1768 2625 1794 2652 in
1815 2625 1935 2652 editione
1960 2625 2082 2659 luparea.

397 2669 540 2703 Ceteroqui
562 2668 605 2694 hic
627 2673 728 2695 tractus
748 2670 775 2695 in
795 2670 969 2705 Theophanis
994 2672 1122 2698 cluoniw
1147 2681 1201 2699 non
1226 2673 1343 2705 legitur,
1365 2680 1453 2706 neque
1472 2671 1505 2697 ad
1527 2670 1552 2696 id
1579 2671 1713 2704 pertinere
1735 2675 1838 2704 potest,
1859 2668 2083 2704 quandoquidem

398 2712 578 2747 Theophanes
598 2712 676 2747 plene
696 2713 815 2748 satisque
836 2714 867 2739 de
887 2717 1059 2751 Copronyino
1080 2717 1188 2751 proprio
1209 2717 1236 2742 in
1257 2717 1316 2743 loco
1335 2716 1446 2750 suisque
1466 2715 1554 2742 xerbis
1574 2715 1649 2741 dixit.
1674 2715 1734 2740 Fuit
1756 2715 1847 2749 itaque
1865 2714 1915 2740 hoe
1933 2714 2023 2748 potius
2043 2722 2087 2739 ex-

401 2761 542 2788 travaeans
562 2756 671 2791 aliquod
690 2768 810 2792 παρεργον
826 2758 927 2784 codicis
948 2760 1082 2793 parisiac-i.
1106 2762 1159 2787 Nos
1174 2768 1237 2787 vero
1251 2760 1363 2786 demum
1379 2759 1564 2794 comperimus
1584 2759 1634 2785 hoe
1652 2758 1837 2788 fragmentum
1853 2758 1882 2784 in
1898 2758 2007 2785 duobus
2028 2758 2086 2783 ine-

399 2800 462 2827 ditis
485 2801 621 2827 ehroniris
642 2804 737 2833 ratic..
758 2802 867 2833 oeni-eii
890 2811 985 2837 nempe
1007 2805 1159 2830 ltamartoli
1181 2813 1206 2838 p.
1231 2808 1294 2837 189,
1316 2809 1342 2830 et
1364 2804 1493 2830 lobannis
1513 2803 1591 2829 siculi
1613 2811 1638 2837 p.
1659 2806 1718 2829 3513.
1742 2804 1773 2828 tit
1793 2802 1878 2829 variat
1896 2801 2007 2836 quidem
2029 2809 2086 2827 me-

400 2844 528 2871 diocriter
548 2846 598 2872 hoc
618 2851 773 2880 excerptum
796 2847 821 2872 in
845 2846 987 2880 praedictis·
1009 2848 1145 2874 chronicis
1166 2857 1179 2874 a
1201 2853 1295 2875 nostro
1315 2848 1461 2882 Nicephori
1483 2848 1566 2874 totins
1587 2848 1676 2882 operis
1700 2847 1809 2874 codice.
1830 2847 1873 2873 cui
1895 2851 1984 2874 tamen
2005 2847 2086 2874 unire

401 2896 448 2917 nos
469 2889 672 2917 adhaerendum
694 2892 863 2925 putarimus,
887 2895 978 2925 utpote
1000 2892 1105 2918 intret-o
1125 2898 1149 2918 et
1172 2893 1245 2919 nulla
1268 2893 1430 2927 vuiusquam
1451 2900 1535 2918 maim
1555 2892 1728 2927 interpolato.
