2203 3331
180 1404 188 1412 ⁹
206 1403 254 1423 11111,
272 1403 297 1423 X.
315 1405 347 1423 27.

155 1520 163 1528 ’
179 1517 228 1537 tuh.
245 1518 313 1538 XVll.
329 1521 348 1539 2.

150 1545 159 1555 ‘
177 1544 224 1565 lobv
241 1544 299 1565 xvi.
318 1549 339 1566 [ὁ

140 1584 151 1593 '
168 1584 215 1605 tuh.
232 1584 302 1604 xvn.
318 1588 347 1606 to.

223 2559 260 2579 Gr*
277 2564 298 2585 p.
315 2561 347 2580 83.

252 2623 261 2633 v
278 2627 300 2642 v.
317 2625 346 2642 14.

379 178 448 213 216
974 185 1002 208 s.
1028 183 1200 208 Memnoni
1228 183 1464 207 APOLOGEnCt‘s

383 243 514 278 hauriet
546 239 793 288 experimenta.
823 237 896 274 Sed
920 239 985 275 iam
1007 241 1134 276 dehinc
1157 240 1249 289 quod
1277 241 1338 282 fit,
1359 253 1429 274 non
1452 246 1502 274 est
1530 238 1685 282 medela,
1706 239 1764 274 sed
1792 240 2000 288 ambiguitas
2027 250 2061 278 et

381 302 552 339 aberratio
574 309 606 336 ct
627 301 719 347 aegri
743 300 923 335 doloribus
945 301 1212 336 incrementum.
1233 300 1314 335 Pari
1335 299 1438 335 modo
1460 300 1643 335 servatoris
1664 314 1805 350 quoque
1828 302 1938 337 nostri
1962 302 2063 338 Chri-

381 365 422 398 sti
447 362 724 397 incarnationem
747 361 934 396 irridentes
956 362 991 396 lii
1014 362 1131 397 miseri
1159 362 1306 396 definire
1328 361 1474 403 volunt,
1497 360 1586 395 nihil
1608 361 1752 395 omnino
1777 363 1897 397 efficax
1918 373 1978 398 aut
1999 373 2064 399 sta-

382 425 447 457 bile
471 424 595 458 babere
618 422 727 470 ipsam
750 422 1002 459 existimantes.
1030 422 1204 457 Ludibrio
1226 422 1343 471 itaque
1366 422 1541 456 habentur
1562 421 1645 469 ipsis
1666 431 1782 458 nostra
1804 424 1989 471 mysteria,
2012 424 2065 459 ni-

382 485 500 532 hilque
525 498 543 518 a
568 483 718 518 scenicis
744 483 845 518 rebus
868 492 908 518 ut
931 484 1070 518 videtur
1094 484 1266 518 distantia.

496 544 530 578 Xt
560 543 654 578 enirn
682 556 745 577 nos
760 571 767 585 ,
789 543 944 578 veritatis
967 558 1067 578 usum
1091 544 1281 586 hahentes,
1304 552 1336 579 et
1354 552 1477 578 ‘rerum
1499 551 1672 590 gestarum
1700 543 1784 578 fidei
1806 558 1844 579 ac
1865 545 1985 580 virtuti
2007 545 2064 580 ad-

286 626 289 633 r
313 619 343 635 o.
384 606 588 646 haerentes,
610 603 777 640 dicimus:
797 603 882 638 adeo
904 618 966 638 sua
990 613 1125 638 constat
1146 604 1289 639 victoria
1311 604 1454 652 tyranni
1475 603 1670 652 mortisque
1691 604 1819 638 victori
1842 604 2001 648 Christo,
2024 615 2065 641 ut

386 667 450 701 iam
480 665 647 700 exitiosus
675 665 800 707 draco,
824 665 1054 699 insatiabilem
1075 679 1173 699 suam
1193 665 1419 700 voracitatem
1443 666 1477 700 in
1502 665 1686 700 Christum
1716 665 1829 713 ipsum
1855 666 2063 710 intendens,

385 736 415 762 ct
446 727 479 760 in
510 734 730 774 praesentem
760 726 918 768 irruens,
940 734 1124 774 postquam
1153 725 1261 761 veluti
1291 740 1368 761 esca
1392 726 1456 774 ipsi
1481 726 1615 761 obieeta
1646 734 1696 760 est
1724 726 1945 770 humanitas,
1967 727 2064 776 isque

385 787 513 836 cupide
535 801 601 822 eeu
626 786 788 835 praedam
816 785 987 834 quandam
1016 794 1142 820 nactus
1170 800 1288 821 vorare
1317 787 1474 834 putavit,
1497 787 1532 821 111
1561 787 1703 821 hamum
1729 786 1866 821 deitatis
1895 787 2066 836 deceptus

385 848 554 893 incurrit3
577 856 612 882 et
632 861 722 895 quos
744 847 826 881 olim
848 846 1015 893 liguriens
1038 846 1326 893 ingurgitaverat,
1349 847 1558 882 difficultate
1580 848 1648 882 cibi
1670 849 1910 895 praefocatus,
1932 848 2064 883 invitus

385 910 546 944 0101111111.
571 908 758 956 Propterea
778 907 960 949 homines,
983 907 1045 955 qui
1067 915 1168 942 antea
1189 907 1316 955 praeda
1339 916 1436 943 erant
1457 909 1553 943 obvia
1577 917 1610 943 et
1631 909 1847 956 gratissimus
1869 909 1969 944 cibus
1991 909 2066 944 dra-

384 971 465 1005 eoni
480 999 487 1013 ,
509 978 716 1018 potestatem
744 976 958 1016 acceperunt
973 996 980 1010 ,
1003 968 1045 1002 ab
1067 982 1106 1002 eo
1135 968 1195 1016 qui
1224 968 1398 1003 mundum
1426 969 1574 1012 devicit,
1597 970 1853 1018 superbamque
1876 979 1910 1004 et
1931 983 2065 1005 saevam

383 1029 510 1065 diaboli
528 1029 719 1078 potentiam
737 1028 930 1070 destruxit,
950 1027 1105 1063 calcandi
1126 1037 1306 1076 serpentes
1322 1037 1356 1063 et
1372 1029 1571 1076 scorpiones
1593 1042 1803 1078 omnemque
1826 1030 1964 1065 inimici
1984 1030 2064 1066 vim.

385 1091 457 1125 Sed
479 1099 511 1124 et
532 1090 632 1124 hamo
659 1089 844 1122 draconem
871 1089 1065 1131 attrahent,
1089 1088 1279 1136 capistrum
1306 1089 1521 1137 fibulamque
1543 1090 1687 1124 naribus
1709 1089 1786 1124 eius
1807 1089 1992 1133 iniicient,
2014 1105 2066 1125 ar-

384 1151 547 1199 millaque
576 1150 707 1184 labium
735 1148 810 1183 eius
838 1148 1054 1196 perfodientg
1082 1149 1344 1198 quantumlibet
1366 1150 1401 1184 hi
1422 1150 1547 1185 erroris
1575 1150 1627 1184 sui
1654 1150 1784 1198 laqueis
1808 1151 1900 1198 capti
1930 1152 2066 1199 captivo

386 1220 418 1246 et
448 1212 623 1259 perforato
647 1218 679 1244 et
700 1209 876 1256 mastigiae
907 1209 1065 1253 cultum,
1088 1219 1128 1245 ut
1157 1210 1224 1258 ipsi
1248 1210 1373 1253 aiunt,
1395 1210 1515 1245 stolide
1541 1211 1740 1247 exhibeant.
1764 1209 1860 1245 Vere
1880 1224 1952 1245 non
1975 1211 2067 1258 cogi-

384 1279 546 1305 taverunt
573 1284 691 1318 sapere
715 1278 748 1304 et
769 1270 967 1317 intelligere
995 1270 1155 1305 infelices
1176 1270 1222 1306 hi.
1250 1270 1335 1306 Ideo
1356 1270 1523 1306 adversus
1543 1271 1729 1306 veritatem
1751 1271 1988 1314 insolescunt,
2009 1286 2069 1306 au-

386 1332 541 1380 dentque
570 1346 657 1380 quae
685 1345 750 1366 nee
778 1332 934 1366 barbaris
961 1345 1078 1380 neque
1108 1332 1239 1379 graecis
1268 1332 1431 1367 audenda
1458 1333 1583 1367 forent.
1612 1331 1711 1378 Quid
1739 1332 1889 1375 dicent,
1918 1332 1980 1368 uhi
2007 1346 2066 1367 au-

386 1393 515 1427 dierint
542 1407 629 1441 quae
653 1392 689 1426 111
712 1392 896 1439 evangeliis
924 1401 1042 1428 noster
1062 1392 1190 1428 diserte
1207 1403 1273 1428 rex
1294 1402 1330 1428 et
1349 1401 1464 1441 pastor
1485 1393 1644 1428 clamavit
1668 1394 1703 1429 ³²:
1727 1407 1806 1428 oves
1828 1407 1922 1428 meae
1942 1406 2067 1428 vocem

388 1467 498 1488 ineam
518 1453 687 1496 audiunt,
711 1462 744 1488 et
764 1467 868 1488 nemo
891 1454 983 1502 rapit
1003 1468 1042 1488 ea
1065 1454 1108 1488 de
1130 1467 1237 1489 manu
1259 1455 1360 1490 mea?
1388 1453 1432 1488 Et
1459 1454 1554 1502 quod
1576 1463 1674 1502 pater
1694 1454 1831 1489 dederit
1859 1454 1890 1500 ei
1917 1462 2068 1502 potesta-

389 1524 455 1550 tem
476 1515 511 1549 in
534 1527 675 1549 0111110111
698 1527 838 1549 earnem
858 1516 885 1550 *ἦ
913 1514 980 1557 Et,
1002 1515 1119 1550 omnia
1141 1529 1229 1564 quae
1250 1516 1356 1550 habet
1378 1523 1496 1564 pater,
1518 1516 1624 1550 habet
1647 1523 1682 1550 et
1703 1515 1798 1550 filius
1819 1516 1846 1551 *ἦ
1875 1514 1967 1550 Ν3111
1988 1528 2067 1549 11103

386 1575 502 1611 omnia
517 1604 525 1618 ,
547 1575 687 1624 inquit,
711 1584 772 1610 tua
794 1584 899 1621 suntg
928 1584 962 1610 et
992 1584 1049 1610 tua
1063 1605 1071 1619 ,
1094 1590 1169 1611 mea
1183 1605 1191 1619 ,
1215 1585 1248 1611 et
1268 1577 1306 1611 111
1326 1577 1381 1611 1115
1403 1576 1614 1611 clarificatus
1634 1589 1714 1611 sum
1732 1577 1760 1611 ᾗ.
1786 1575 1952 1624 Namque
1975 1575 2068 1611 Uni-

386 1637 542 1685 genitum
570 1645 697 1671 cuneta
719 1637 774 1671 sui
797 1637 900 1686 patris
921 1637 1136 1686 participare
1167 1638 1353 1673 credimus.
1382 1637 1570 1683 Quomodo
1601 1651 1681 1685 ergo
1703 1637 1916 1672 clarificatus
1945 1646 2016 1680 est,
2038 1637 2067 1672 si

384 1698 492 1733 victus
521 1712 560 1733 ae
589 1698 805 1733 minoratus?
834 1697 1023 1743 Quomodo
1051 1707 1224 1746 potestate
1251 1698 1418 1747 spoliatus
1446 1697 1572 1740 fuerit,
1594 1698 1655 1746 qui
1676 1698 1782 1745 patris
1807 1698 1986 1732 maiestate
2007 1697 2069 1733 'or-

383 1767 509 1801 1131111,
533 1772 746 1807 consorsque
770 1767 819 1793 est
839 1759 1023 1794 universae
1051 1759 1230 1808 potentiae
1259 1759 1361 1795 eius?
1389 1758 1482 1793 Haec
1503 1758 1653 1793 Domini
1672 1759 1789 1793 hostes
1814 1772 1887 1793 non
1914 1758 2069 1793 conside-

384 1827 481 1861 rant,
504 1818 587 1867 quia
617 1819 681 1853 sub
709 1818 774 1853 alio
802 1818 933 1866 degunt
961 1819 1094 1854 saeculi
1120 1819 1226 1854 huius
1247 1819 1420 1868 principe.
1448 1818 1526 1853 Hoc
1549 1819 1644 1854 enim
1665 1819 1748 1866 ipsis
1776 1818 1865 1853 valet
1892 1818 2067 1854 idolorum

386 1879 559 1922 adoratio,
577 1892 702 1927 nempe
724 1879 794 1914 iam
816 1879 897 1914 inde
920 1880 963 1914 ab
985 1880 1086 1915 initio
1109 1888 1269 1928 suscepta
1290 1880 1508 1927 evangelicae
1529 1879 1708 1915 doetrinae
1730 1879 1971 1914 contradictio.
1993 1879 2066 1914 Nos

383 1954 463 1975 vero
488 1953 683 1989 numquam
709 1940 944 1987 defatigemur
968 1941 1123 1988 ipsorum
1147 1941 1321 1976 vesaniam
1346 1950 1450 1989 atque
1475 1940 1701 1975 stoliditatem
1724 1939 1911 1975 debellare.

489 2000 584 2046 Quid
615 2015 694 2047 ergo
716 2001 761 2035 ait
786 2000 949 2035 Servator
972 2002 1015 2036 *P
1038 2008 1060 2022 “
1087 2001 1161 2047 Qui
1182 2016 1243 2049 per
1263 2001 1404 2036 ianuam
1433 2001 1560 2043 intrat,
1582 2009 1698 2049 pastor
1721 2009 1782 2036 est.
1810 1999 1857 2035 Et
1886 2013 1967 2035 cum
1990 2014 2067 2035 oves

389 2089 411 2103 „
439 2061 592 2109 proprias
621 2061 794 2104 emiserit,
817 2070 898 2096 ante
927 2061 1015 2109 ipsas
1043 2062 1160 2105 vadit,
1184 2071 1219 2097 et
1246 2076 1324 2097 oves
1348 2075 1430 2097 eum
1451 2070 1668 2110 sequuntur,
1691 2061 1775 2109 quia
1801 2061 1921 2095 sciunt
1946 2074 2069 2096 vocem

389 2149 411 2164 „
441 2122 526 2156 eius.
554 2122 726 2157 Alienum
746 2131 863 2157 autem
884 2137 954 2157 non
975 2132 1197 2171 sequuntur,
1219 2123 1299 2171 quia
1321 2136 1441 2158 vocem
1463 2123 1555 2157 illius
1574 2137 1646 2157 non
1668 2130 1866 2168 noverunt3
1891 2122 1968 2157 ideo
1988 2122 2069 2157 alie-

389 2211 411 2225 „
441 2197 528 2217 num
556 2197 628 2218 non
651 2192 852 2226 sectantur,
875 2184 933 2218 sed
956 2185 998 2219 ab
1022 2198 1061 2219 eo
1082 2185 1246 2232 fugiunt,
1268 2185 1351 2233 quia
1375 2198 1447 2219 non
1477 2192 1651 2219 noverunt
1671 2197 1794 2219 vocem
1815 2183 2019 2219 alienorum.
2044 2212 2068 2227 ,‚

387 2240 480 2276 Dein
506 2257 628 2278 rursus
649 2245 676 2278 *ἦ
698 2250 721 2264 “
746 2243 817 2291 Ego
845 2258 922 2279 sum
944 2245 1094 2290 ostium3
1118 2258 1180 2292 per
1207 2259 1261 2280 me
1284 2245 1312 2279 si
1333 2245 1410 2293 quis
1439 2244 1638 2287 introierit,
1659 2244 1864 2287 salvabitur,
1888 2252 1921 2279 et
1949 2257 2070 2292 proce-

390 2331 413 2344 .,
441 2302 518 2344 det.v
543 2311 576 2337 et
604 2317 730 2350 pascua
759 2305 924 2340 inveniet.
950 2334 972 2347 „
996 2304 1093 2351 Quid
1122 2314 1239 2340 autem
1266 2305 1303 2340 hi
1330 2305 1472 2341 vesani?
1500 2304 1681 2340 Pastorem
1706 2304 1928 2347 huiusmodi,
1951 2319 2070 2352 aegro—

385 2372 463 2397 tum
484 2377 521 2397 ac
543 2363 716 2406 debilem,
741 2373 773 2399 et
801 2366 976 2413 pastoralis
999 2367 1080 2400 artis
1104 2367 1310 2415 imperitum
1334 2381 1405 2402 esse
1433 2366 1575 2409 volunt,
1597 2366 1651 2401 vel
1676 2366 1822 2400 infirmis
1843 2365 1886 2400 ad
1914 2365 2069 2413 dirigen-

386 2423 448 2458 das
477 2438 556 2458 oves
583 2424 737 2467 viribus,
761 2434 793 2460 et
820 2426 871 2461 vel
901 2441 940 2461 eo
967 2427 1076 2462 invito
1105 2436 1166 2462 3111
1194 2428 1301 2462 0113111
1327 2428 1495 2476 prodente
1524 2440 1665 2474 gregem
1694 2441 1712 2461 a
1738 2426 1820 2474 lupo
1847 2426 2068 2474 discerptum

384 2484 501 2519 fuisse.
531 2483 677 2519 Frustra
705 2494 825 2521 autem
852 2488 982 2535 opponi
1011 2488 1140 2523 ostium
1166 2488 1327 2530 videtur,
1351 2489 1447 2537 quod
1477 2488 1612 2523 nullam
1639 2495 1790 2535 praestet
1817 2487 2066 2533 seeuritatem3

385 2545 454 2579 sive
477 2544 554 2593 quis
582 2545 689 2579 intret
711 2546 779 2581 sive
808 2557 925 2590 exeat,
947 2548 1036 2583 nihil
1065 2548 1222 2583 eiusdem
1249 2549 1353 2584 saluti
1384 2550 1580 2584 conferens.
1606 2548 1714 2596 Atqui
1742 2548 1787 2581 ita
1814 2547 1939 2594 nugari
1965 2556 1999 2582 et
2020 2547 2068 2582 lo—

384 2605 468 2654 qui,
491 2605 627 2654 qualem
656 2620 800 2654 poenam
828 2608 1080 2656 suppliciumve
1110 2623 1182 2644 non
1209 2610 1388 2645 meretur?
1414 2609 1559 2644 Deinde
1580 2610 1616 2644 ξε
1638 2615 1660 2629 “
1687 2621 1749 2655 ego
1770 2621 1846 2642 sum
1869 2616 1984 2656 pastor
2009 2609 2068 2643 bo-

387 2694 409 2708 „
440 2679 530 2708 nus,
553 2674 587 2700 et
609 2680 781 2713 cognosco
809 2682 889 2703 oves
918 2682 1029 2712 meas,
1052 2678 1084 2704 et
1112 2678 1370 2717 recognoscunt
1390 2683 1444 2705 me
1469 2683 1584 2711 meae,
1607 2677 1639 2703 et
1660 2668 1815 2703 animam
1835 2682 1947 2703 meam
1974 2682 2067 2716 pono

386 2755 408 2769 ,‚
438 2740 499 2774 pro
528 2727 660 2762 ovibus.
685 2755 707 2770 „
730 2726 792 2762 His
819 2737 940 2763 autem
967 2731 1146 2779 utrimque
1173 2731 1405 2779 blasphemiae
1435 2729 1615 2764 defoditur
1638 2730 1758 2772 fovea,
1781 2729 1842 2778 qui
1871 2738 1905 2764 et
1935 2728 2069 2764 Christi

384 2787 532 2834 pastoris
553 2787 676 2831 simul,
696 2796 729 2823 et
749 2788 864 2823 ovium
888 2789 1118 2836 ignorantiam
1132 2820 1139 2834 ,
1161 2792 1267 2826 stulte
1289 2799 1464 2827 accusant.
1484 2789 1699 2825 Discredent
1721 2790 1815 2825 enim
1836 2804 1975 2838 prorsus
1998 2790 2067 2832 illi,

385 2847 536 2883 animam
557 2843 618 2897 pro
639 2849 759 2884 ovibus
780 2863 912 2898 ponere
934 2865 967 2886 se
990 2851 1146 2898 dicenti-5
1171 2861 1212 2887 ut
1232 2852 1284 2887 vel
1305 2852 1450 2887 omnino
1474 2851 1611 2886 nullam
1632 2851 1740 2886 fuisse
1768 2851 1965 2900 passionem
1989 2851 2064 2886 eius
