2203 3331
582 236 702 259 ORATIO
728 235 789 258 vn.
818 235 851 258 IN
876 235 905 258 S.
934 233 1105 257 louANNEat
1130 232 1391 256 EVANGELISTAM.
1795 223 1840 254 ’ῘἾ

153 305 339 361 αδραμεῖν
365 300 434 348 τας
471 302 607 342 ἑαυὛοῢ
636 301 836 347 ἐκκλησίας
873 300 925 345 εἷς
962 297 1026 341 τὴν
1058 298 1222 352 ἀρχαίαν
1257 298 1318 337 καὶ
1356 299 1590 352 αρεσθεῖσαν
1622 299 1687 345 τῆς
1728 300 1842 356 ὀρθο-

151 372 286 427 &ogiae
314 367 543 425 &petest-afra·
573 366 660 422 ἐμοῖ
687 366 727 408 δὲ
757 367 800 407 σι)
829 367 884 422 τῷ
908 368 1123 419 τολμκτίᾳ,
1151 361 1181 403 ὦ
1205 363 1333 418 μα’καρ
1351 397 1359 411 ,
1389 363 1500 411 ἵλεως
1530 364 1591 406 ἔσο
1627 366 1839 415 ὀφλῆσαντι

154 440 219 480 οὐκ
245 435 504 477 ἐνωαινέσαντι·
533 434 600 475 καί
627 451 672 490 γε
701 432 837 488 δέξαιο
871 433 961 478 τούς
986 429 1094 472 τόνδε
1132 430 1189 470 σοὶ
1218 430 1282 470 τὸν
1311 430 1395 471 ναόν
1425 432 1524 483 ὁμοῦ
1549 432 1616 486 μὲν
1651 442 1841 489 περικαλ-

149 505 252 550 λῶς,
280 503 381 555 ὁμοῦ
411 499 454 541 δέ
489 501 550 541 καὶ
591 503 825 554 σεριουσίως
861 499 1088 554 ἐγείραντας·
1125 497 1158 537 ἐν
1186 493 1214 551 ᾧ
1248 494 1312 536 καῖ
1346 497 1394 536 τα
1423 497 1580 547 σώματα
1608 500 1642 538 οἱ
1671 505 1839 547 πλείους

148 570 357 615 (ἰαχῆς-,κῶς
386 568 517 609 εἴασαν
547 568 600 613 εἷς
625 567 673 606 ταὶ
699 565 894 622 προαύλια
916 596 924 611 ,
950 564 998 609 ὥς
1026 563 1200 604 ἐνταῦθα
1225 560 1294 608 τῆς
1324 564 1387 608 σῆς
1416 564 1624 611 φανοτάτκς
1660 567 1837 620 οὐρανίου

152 636 284 682 σκηνῆς
312 634 585 690 παραῤῥιπτεῖν
615 631 686 673 δεῖ·
706 632 890 673 Ὗοσοῦτον
918 629 1174 684 ἀξιουμένους
1203 627 1244 669 σὲ
1268 630 1360 684 ὁρᾷν
1389 629 1451 670 σὸν
1474 631 1584 671 παντῖ
1605 633 1659 687 τῷ
1684 638 1841 689 ποιμνίῳ

151 703 241 743 καὝά
276 701 479 756 διάμετρον
512 702 651 755 ἀξίας,
680 698 766 740 ὅσον
795 699 830 738 οἱ
858 697 949 749 πρὸς
976 697 1091 738 αὐτὸν
1118 696 1180 737 τᾶν
1213 695 1321 738 ἥλιον
1354 697 1656 746 ἀποβλένωοντες·
1688 700 1723 740 ἐν
1751 704 1841 756 Χρι-

151 770 226 824 στῷ
247 769 376 812 Ἰησοῦ
401 769 454 823 τῷ
481 771 594 821 κυρίῳ
627 766 753 818 ἡμῶν,
786 762 815 820 ᾧ
845 764 997 818 ωρέωει
1031 765 1146 805 Γιιποῖσα
1178 762 1304 817 δόξα,
1332 763 1420 817 ‘sumi
1441 795 1449 810 9
1477 765 1537 805 καὶ
1568 765 1839 821 προσκόνησῑς,

154 836 236 890 ἅμα
261 837 316 890 τῷ
341 820 452 890 :ravi-9}
481 834 542 873 καὶ
573 834 627 888 τῷ
653 831 747 887 &slep
776 831 983 886 πνεύματι,
1011 833 1071 873 νῦν
1101 830 1163 872 καὶ
1199 830 1256 871 ἀεὶ
1296 831 1356 871 καὶ
1393 831 1446 877 εἷς
1472 831 1560 878 τούς
1594 833 1737 879 αἰῶνας
1768 835 1839 875 τῶν

151 902 307 944 αἷώνων·
336 900 444 954 ἁμήν.

147 1022 323 1055 sociorum
343 1026 498 1057 caterva,
525 1024 678 1052 sanctam
704 1016 807 1051 nobis
829 1017 1031 1050 Trinitatem
1056 1017 1245 1063 propitiam
1269 1017 1425 1057 reddite,
1451 1024 1488 1052 ut
1513 1018 1667 1052 Christus
1685 1020 1844 1066 iniquum

148 1078 216 1113 hoc
237 1088 334 1111 mare
362 1078 538 1122 increpet,
561 1081 599 1109 ut
616 1074 794 1120 quondam
819 1075 993 1121 increpuit
1013 1075 1104 1120 apud
1123 1074 1358 1117 Tiberiadem3
1380 1076 1646 1122 tranquillitate,
1676 1090 1765 1123 quae
1784 1090 1845 1124 pa-

149 1147 224 1170 cem
250 1140 424 1180 praestet‚
455 1133 604 1166 vicissim
624 1132 820 1174 exoriente3
846 1138 883 1167 nt
910 1143 988 1166 suas
1015 1133 1087 1178 ipse
1113 1133 1272 1166 ccclesias
1290 1159 1297 1172 ‚
1326 1133 1361 1166 in
1392 1134 1568 1179 antiquam
1598 1135 1693 1168 illam
1725 1143 1759 1170 et
1789 1138 1843 1171 iu-

149 1191 299 1225 cundam
325 1190 554 1224 orthodoxiae
575 1195 791 1223 venustatem
817 1189 972 1223 reducat.
1004 1190 1051 1222 Tu
1083 1201 1167 1223 vero
1189 1190 1274 1223 mihi
1301 1191 1484 1224 temerario
1501 1217 1508 1230 ,
1537 1193 1589 1225 vir
1615 1192 1714 1226 beate
1732 1219 1739 1232 ‚
1769 1206 1846 1240 pro-

151 1248 255 1294 pitius
280 1253 354 1281 esto
371 1273 379 1285 ,
408 1247 468 1292 qui
495 1245 695 1285 debuerim,
725 1252 759 1280 at
785 1258 856 1280 non
880 1246 1120 1280 laudaverim:
1154 1247 1215 1281 sed
1241 1254 1273 1281 et
1298 1259 1356 1281 eos
1383 1241 1554 1294 suscipere
1582 1249 1751 1295 digneris,
1781 1253 1841 1297 qui

151 1305 320 1351 templum
345 1305 412 1338 hoc
436 1315 542 1349 quam
565 1310 686 1338 ornate
713 1310 783 1337 tam
808 1310 1009 1350 sumptuose
1027 1303 1096 1337 iibi-
1109 1311 1353 1344 extruxerunt,
1374 1306 1410 1339 in
1436 1318 1507 1352 quo
1530 1313 1563 1340 et
1582 1307 1700 1353 plures
1724 1310 1759 1342 in
1786 1322 1841 1344 ve-

150 1363 287 1396 stibulis
305 1388 313 1400 ,
337 1362 591 1396 monachorum
616 1373 713 1395 more
730 1388 738 1400 ,
762 1373 910 1408 corpora
935 1373 995 1395 sua
1014 1363 1254 1407 reliquerunt,
1284 1370 1321 1397 ut
1341 1364 1396 1398 hic
1416 1366 1537 1410 positi,
1563 1366 1748 1411 splendido
1766 1379 1842 1401 cae-

150 1420 297 1464 lestique
316 1418 541 1452 tabernaculo
562 1425 624 1452 tuo
641 1419 930 1457 advolverentur:
947 1425 980 1453 te
999 1425 1132 1453 tantum
1151 1420 1271 1454 videre
1287 1427 1446 1467 optantes
1458 1448 1466 1460 ,
1488 1434 1566 1456 cum
1586 1425 1748 1458 universo
1766 1436 1843 1469 gre-

149 1488 208 1522 ge,
230 1488 295 1522 pro
317 1476 492 1522 dignitatis
520 1488 682 1510 mensura
697 1504 705 1516 ,
733 1484 901 1522 qnantum
920 1478 960 1511 iis
987 1489 1189 1512 concessum
1207 1485 1257 1512 est
1276 1506 1283 1518 ‚
1305 1481 1364 1525 qui
1387 1492 1405 1513 e
1424 1486 1514 1514 terra
1535 1481 1569 1514 in
1588 1482 1699 1515 solem
1729 1484 1841 1528 ipsum

148 1535 345 1580 aspiciunt:
380 1535 415 1567 in
447 1534 582 1568 Christo
608 1535 684 1568 Iesu
717 1535 860 1569 domino
894 1541 1013 1569 nostro
1032 1562 1040 1575 ,
1074 1547 1178 1581 quem
1204 1536 1303 1571 decet
1329 1540 1442 1573 omnis
1464 1539 1573 1584 gloria
1593 1566 1601 1579 ,
1635 1540 1749 1574 honor
1767 1567 1775 1579 ‚
1810 1548 1843 1575 et

149 1592 329 1631 adoratio,
359 1604 438 1626 cum
465 1593 564 1626 Patre
591 1604 629 1626 ac
654 1599 773 1627 sancto
799 1594 947 1638 Spiritu,
975 1605 1067 1627 nunc
1093 1600 1126 1627 et
1152 1605 1306 1640 semper,
1335 1602 1368 1629 et
1394 1597 1429 1629 in
1455 1597 1588 1632 saecula
1609 1598 1838 1634 saeculorum.

149 1650 273 1682 Amen.

812 1749 1175 1777 ADNOTATIO.

194 1821 284 1855 Igitur
302 1826 406 1856 septem
427 1822 563 1849 Theodori
583 1823 709 1850 Studitae
730 1824 910 1860 panegyricas
929 1825 1069 1852 orationes
1088 1825 1230 1859 dedimus,
1244 1835 1361 1862 quarum
1375 1827 1445 1855 duae
1461 1829 1544 1856 latine
1558 1833 1666 1856 tantum
1681 1830 1769 1858 editae
1784 1831 1843 1858 fue-

150 1869 226 1899 rant,
242 1865 365 1901 reliquae
384 1873 436 1892 nec
456 1874 551 1900 graece
571 1875 621 1893 nec
641 1867 736 1894 latine.
757 1870 829 1895 Ante
848 1877 899 1896 nos
918 1873 1012 1896 tamen
1031 1869 1161 1897 extabant
1179 1871 1248 1898 aliae
1267 1879 1364 1898 novem
1392 1873 1514 1900 eiusdem
1542 1873 1667 1901 Studitae
1693 1875 1839 1902 orationes.

145 1911 169 1936 Ι.
184 1911 216 1936 111
229 1918 338 1937 erucem
354 1910 468 1936 Domini
484 1931 490 1942 ,
516 1919 556 1945 gr.
581 1911 627 1938 lat.
653 1911 726 1946 apud
744 1912 906 1940 Gretserum
924 1921 968 1948 op.
984 1913 1018 1940 de
1033 1914 1120 1941 Cruce
1133 1915 1164 1941 T.
1181 1915 1216 1941 II.
1234 1924 1259 1950 p.
1274 1919 1335 1943 231.
1352 1917 1386 1943 11.
1404 1918 1436 1943 ln
1449 1918 1618 1945 nativitatem
1632 1919 1781 1953 Deiparae,
1797 1928 1837 1954 gr.

144 1955 192 1982 lat.
213 1955 286 1983 edita
308 1957 381 1982 inter
400 1955 622 1989 damascenicas,
651 1961 683 1984 ut
702 1965 753 1985 1105
773 1958 827 1985 13111
848 1958 968 1986 diximus
989 1967 1014 1994 p.
1036 1963 1080 1986 54.
1096 1960 1144 1986 III.
1166 1964 1193 1987 et
1208 1961 1253 1987 lv.
1275 1962 1316 1988 De
1335 1961 1494 1989 adoratione
1513 1970 1549 1989 ss.
1575 1963 1729 1997 imaginum
1756 1963 1841 1996 duae,

143 2009 184 2029 gr.
206 2000 267 2033 lat.,
291 2008 410 2035 quarum
429 2001 514 2028 altera
534 2001 637 2028 inserta
656 2002 715 2028 eius
735 2003 805 2030 vitae
825 2011 884 2038 cap.
905 2006 998 2036 6543,
1023 2004 1108 2031 altera
1129 2013 1192 2031 cum
1213 2005 1412 2033 damascenicis
1431 2006 1533 2041 prodiit
1551 2008 1673 2034 Basileae
1695 2016 1740 2034 au.
1768 2009 1844 2034 1575.

146 2045 179 2070 V.
199 2044 232 2070 In
250 2045 361 2071 tertiam
380 2045 568 2072 inventionem
588 2047 685 2080 capitiS
704 2046 732 2073 S.
749 2047 808 2073 Ioh.
824 2048 902 2081 Bapt.
917 2056 957 2083 gr.
974 2048 1022 2074 lat.
1038 2056 1051 2075 3
1068 2049 1248 2082 Combefisio,
1269 2054 1295 2077 et
1311 2051 1423 2085 Cangio.
1446 2053 1491 2078 VI.
1514 2053 1545 2078 In
1557 2053 1584 2078 S.
1605 2053 1844 2087 Barptolemaeum

145 2087 300 2121 apostolum
314 2109 321 2120 ,
342 2088 427 2115 latine
448 2093 556 2116 tantum
576 2090 649 2124 apud
669 2091 836 2118 Dacherium
855 2092 951 2126 Spicil.
973 2092 1016 2119 ed.
1038 2101 1100 2119 nov.
1121 2094 1152 2119 T.
1168 2095 1203 2121 II.
1218 2103 1245 2129 p.
1265 2097 1306 2121 12.
1327 2096 1406 2122 Hanc
1421 2103 1516 2130 graece
1528 2097 1610 2124 etiam
1623 2097 1840 2132 viditAllatius,

146 2130 342 2164 incipientem:
364 2133 489 2167 μέγιστα,-
510 2135 596 2168 2'722-2,
618 2135 759 2170 προσθήσω
781 2137 802 2162 δ’
823 2137 875 2167 ἔτι,
898 2138 940 2163 καί
962 2139 1050 2168 κλέοςς
1070 2142 1182 2173 eratque
1201 2139 1326 2166 editurus
1340 2139 1411 2167 libro
1431 2145 1505 2167 sexto
1520 2141 1751 2176 Symmictorum,
1774 2146 1840 2170 teste

147 2174 273 2201 Fabricio
290 2176 321 2202 B.
335 2176 369 2203 G.
384 2176 427 2203 ed.
441 2182 492 2204 vet.
507 2179 539 2204 T.
555 2180 629 2206 Xtv.
647 2188 672 2214 p.
690 2184 731 2207 12.
752 2181 790 2208 Ea
811 2181 879 2208 mihi
899 2182 1011 2217 quidem
1031 2182 1156 2210 nondum
1184 2184 1320 2216 occurrit,
1341 2193 1510 2220 quamquam
1531 2186 1572 2212 vix
1592 2185 1686 2213 dubito
1705 2187 1774 2221 quin
1799 2187 1837 2214 la-

146 2222 202 2245 teat
220 2219 293 2246 inter
311 2220 406 2247 Allatii
426 2221 541 2249 schedas
568 2224 767 2252 vallicellianas
793 2230 841 2253 aut
866 2226 1046 2254 bai-berimas.
1075 2229 1135 2254 VII.
1162 2229 1257 2256 Oratio
1281 2230 1436 2264 epitaphica
1457 2231 1486 2257 in
1511 2231 1654 2258 Platonem
1678 2232 1840 2266 magistrum

145 2270 227 2288 suum
240 2283 247 2294 ,
268 2271 309 2297 gr.
325 2263 373 2290 lat.
390 2264 462 2299 apud
482 2266 679 2294 Bollandianos
699 2270 731 2294 T.
748 2270 769 2295 I.
784 2269 864 2304 april.
885 2271 1003 2305 append.
1020 2280 1047 2306 p.
1065 2275 1108 2299 46.
1129 2273 1204 2300 vul.
1219 2273 1315 2300 Oratio
1335 2275 1402 2301 item
1421 2274 1575 2309 epitaphica
1590 2275 1618 2302 in
1634 2283 1764 2310 magnum
1784 2278 1837 2302 Ar-

147 2306 273 2340 senium,
295 2315 336 2341 gr.
359 2308 406 2334 lat.
428 2309 501 2343 apud
520 2310 629 2337 eosdem
649 2312 846 2340 Bollandianos
866 2315 897 2341 T.
924 2316 969 2342 IV.
990 2316 1040 2342 iul.
1063 2316 1119 2347 die,
1134 2320 1174 2344 19.
1196 2318 1245 2344 IX.
1267 2319 1362 2345 Oratio
1381 2319 1482 2353 pariter
1501 2319 1654 2354 epitaphica
1672 2321 1702 2347 in
1722 2325 1837 2349 matrem

143 2358 221 2377 suam
241 2356 313 2378 extat
333 2352 436 2380 inedita
457 2361 552 2388 graece
572 2355 600 2382 in
620 2357 822 2391 Metaphrastae
842 2358 935 2386 codice
956 2361 1100 2394 parisiaco.
1124 2363 1249 2397 Denique
1268 2363 1322 2389 alia
1346 2363 1450 2391 inedita
1474 2365 1503 2391 in
1528 2365 1608 2391 codd.
1634 2367 1717 2400 paris.
1741 2365 1774 2392 de
1800 2367 1841 2392 ia·

142 2393 269 2422 ventione
295 2396 393 2430 capitis
417 2398 446 2424 S.
467 2399 526 2425 1011.
557 2400 710 2434 Baptistae,
732 2405 800 2428 teste
822 2402 947 2430 Fabricio
967 2405 997 2430 B.
1014 2405 1048 2431 G.
1065 2405 1108 2432 ed.
1125 2414 1186 2433 nov.
1203 2408 1234 2433 T.
1252 2408 1287 2433 X.
1314 2416 1340 2442 p.
1353 2412 1415 2442 472,
1432 2417 1446 2436 a
1467 2418 1520 2444 qno
1541 2411 1714 2445 superiorum
1733 2418 1841 2445 quoque

145 2437 243 2465 notitia
265 2445 394 2474 congesta
414 2441 475 2468 fuit.
498 2444 589 2478 Atque
606 2444 658 2471 1100
677 2444 732 2471 sere
752 2450 793 2472 est
813 2446 883 2473 illud
898 2451 1108 2484 paneqyricum
1124 2451 1253 2478 volumen.
1273 2453 1303 2478 in
1321 2453 1478 2486 (Ilesjestos
1497 2456 1628 2487 Domini,
1642 2463 1761 2481 necnon
1780 2457 1843 2481 Del-

140 2491 252 2517 parae,
273 2487 301 2511 et
318 2488 412 2512 sancti
426 2488 485 2514 [oli.
502 2491 671 2523 Baptistae,
691 2490 765 2525 quod
779 2492 853 2519 inter
871 2493 998 2521 studitae
1017 2495 1118 2530 scripta
1135 2502 1268 2524 memorat
1287 2498 1406 2525 Michael
1426 2499 1578 2527 monachus
1598 2501 1627 2526 in
1646 2500 1699 2527 vita
1720 2499 1842 2527 eiusdem

143 2535 202 2562 cap.
224 2532 267 2561 38,
288 2537 372 2564 quam
393 2531 526 2560 habemus
546 2534 616 2568 typis
636 2535 808 2569 impressam.
823 2537 903 2564 Mitto
923 2537 1013 2566 dicere
1033 2539 1066 2567 de
1083 2541 1237 2569 minoribus
1255 2543 1430 2571 sermonibus
1450 2544 1570 2579 duplicis
1589 2545 1775 2577 catecheseos,
1791 2552 1838 2571 seu

147 2578 260 2606 magnae
279 2581 328 2601 seu
348 2583 462 2609 parvae,
483 2585 601 2612 quorum
624 2582 682 2606 135.
705 2579 791 2607 edidit
810 2581 896 2609 latine
922 2583 1078 2617 Livineius,
1099 2593 1195 2620 graece
1214 2595 1301 2614 unum
1322 2588 1464 2616 Fabricius
1483 2590 1514 2615 B.
1529 2590 1562 2616 G.
1580 2589 1622 2616 ed.
1646 2598 1708 2616 nov.
1734 2597 1758 2623 11.
1774 2592 1837 2619 470;

147 2617 202 2661 tres
214 2615 278 2643 item
291 2626 387 2652 graece
408 2624 505 2648 auctor
525 2622 642 2658 catalogi
657 2623 737 2651 codd.
754 2626 872 2653 Nanian.
888 2635 914 2662 p.
933 2631 992 2654 164.
1008 2629 1084 2656 Inter
1103 2638 1183 2665 opera
1203 2632 1358 2666 Theodori,
1379 2642 1449 2668 quae
1468 2634 1632 2661 Sirmondus
1652 2634 1726 2668 prelo
1746 2642 1839 2668 parare

145 2656 288 2705 fidebatur
299 2681 306 2694 ,
325 2666 464 2696 postremo
485 2664 544 2692 loco
564 2665 641 2693 video
655 2668 684 2693 in
695 2668 810 2696 elencho
823 2675 886 2704 post
905 2671 989 2706 praef.
1005 2673 1142 2701 nominari
1156 2675 1345 2710 fragmentum
1363 2677 1499 2711 consessio
1519 2679 1554 2705 (le
1571 2680 1719 2705 Trinitate.
1734 2678 1839 2711 Reapse

145 2699 171 2727 td
191 2700 376 2737 fragmentum
394 2708 532 2743 incipiens
552 2711 612 2746 μίαν
634 2710 697 2738 εἶναι
720 2716 764 2740 τῶν
786 2716 846 2740 ὅλων
867 2717 950 2752 ἅρχην
964 2738 970 2749 ,
990 2718 1093 2752 legitur
1106 2719 1158 2746 sul>
1177 2720 1313 2748 Theodori
1333 2723 1446 2750 nomine
1466 2723 1493 2750 in
1514 2723 1574 2751 cod.
1590 2727 1644 2750 vat.
1671 2723 1733 2754 620,
1753 2726 1779 2748 et
1798 2726 1839 2748 ot-

151 2745 208 2794 ¹⁰.b'.
227 2751 352 2776 vatam.
372 2753 409 2779 At
428 2753 457 2780 in
476 2759 529 2782 vat.
545 2759 625 2783 2026.
646 2758 806 2786 inscribitur
824 2760 1006 2790 Theodoreto.
1028 2763 1130 2791 Eadem
1150 2766 1296 2793 nominum
1315 2768 1431 2795 varietas
1450 2769 1479 2795 in
1500 2769 1654 2795 ssore11·.inis
1672 2776 1782 2804 quoque
1801 2778 1844 2796 co-

155 2789 264 2817 dicibus
282 2795 419 2830 occurrit,
439 2797 600 2827 observante
620 2802 758 2830 Bandinio
777 2804 902 2841 Catalog.
923 2806 1003 2833 codd.
1025 2816 1065 2842 gr.
1082 2809 1113 2835 T.
1137 2809 1156 2835 1.
1179 2817 1205 2844 p.
1226 2813 1286 2837 525.
1301 2811 1355 2838 Sed
1370 2820 1460 2839 revera
1480 2813 1550 2839 1111111
1563 2812 1638 2840 aliud
1651 2816 1709 2846 est,
1732 2812 1761 2840 id
1776 2812 1848 2848 frag-

149 2838 274 2862 mentum
287 2856 294 2869 ⁷
316 2845 418 2873 quam,
438 2845 469 2869 ut
489 2850 539 2878 ego
559 2847 697 2881 comperi,
719 2849 915 2883 compendium
936 2859 967 2878 ex
985 2851 1151 2880 Theodoreti
1171 2853 1272 2884 haeret.
1294 2855 1349 2883 fab.
1370 2857 1442 2884 libro
1461 2858 1492 2883 V.
1514 2857 1749 2884 consarcinatum.
