2203 3331
416 213 482 246 122
960 219 988 243 s.
1013 220 1185 243 xxcernoiu
1212 219 1468 243 axnaauertccs
1495 219 1545 242 111.

413 279 604 325 ambigant,
623 289 736 324 neque
759 274 898 323 crapula
920 276 1034 310 obruti
1056 285 1089 311 et
1110 276 1241 323 abrepti
1263 276 1350 309 hane
1373 275 1546 309 insaniam
1565 273 1761 322 patiantur,
1779 274 1838 323 qui
1863 284 1977 310 tamen
1998 290 2098 325 saepe

412 354 466 373 res
490 346 616 373 stantes
641 346 673 372 et
696 336 909 380 immobiles,
930 337 1117 384 circumagi
1139 344 1282 384 putantg
1301 336 1335 370 hi
1359 336 1438 370 vino
1459 335 1720 370 incredulitatis
1743 336 1850 379 ebrii,
1869 337 2094 386 animamque

412 400 562 445 gravati,
586 398 824 433 materialibus
852 397 959 432 veluti
988 397 1144 432 devincti
1176 396 1424 445 cupiditatibus
1454 396 1702 444 mundanoque
1733 405 1767 431 et
1794 397 1907 432 fallaci
1935 397 2095 445 gloriolae

414 463 493 495 t'ueo
515 468 547 494 et
570 458 763 493 carnalibus
785 458 1017 506 voluptatibus
1041 458 1220 506 captivati,
1239 457 1385 505 pessima
1403 471 1560 505 quaeque
1581 465 1613 491 et
1636 456 1833 492 calamitosa
1855 459 2095 506 experiuntur.

514 522 572 568 47.
603 519 643 553 51
671 533 780 567 pauca
809 519 923 553 adhue
951 519 991 553 ad
1021 519 1125 553 huius
1154 518 1324 553 sermonis
1352 517 1633 566 disquisitionem
1655 517 1841 560 addemus,
1863 519 1943 553 satis
1973 520 2093 568 utique

412 594 662 627 cognoscemus
685 594 727 614 an
748 579 803 613 bis
826 580 1080 614 convenienter
1102 578 1389 613 Christianorum
1410 578 1591 626 appellatio
1616 578 1840 613 attribuatur.
1860 578 2002 628 Quippe
2025 594 2095 615 om-

411 656 472 675 nes
500 641 650 683 seimus,
673 641 766 689 quod
795 641 897 675 sicuti
929 640 1059 675 Christi
1089 641 1199 687 imago
1228 654 1289 688 per
1318 640 1589 681 derivationem,
1615 648 1689 674 tum
1714 638 1847 674 Christi
1871 641 2024 688 speeiem
2045 650 2094 676 te·

410 711 493 743 net,
518 710 594 736 tum
624 711 657 736 et
684 715 790 749 ipsam
818 701 1086 749 appellationem
1116 701 1223 746 ὕοι-113
1248 701 1296 735 510
1325 701 1430 735 etiam
1458 700 1690 743 christianus,
1713 708 1891 748 tamquam
1912 715 1952 735 ex
1977 710 2093 749 proto-

413 772 490 810 typo
521 762 655 797 Christi
682 762 845 804 nomine,
869 770 902 796 et
924 761 1195 809 appellationem
1222 762 1367 796 sortitur
1389 770 1421 795 et
1446 774 1579 803 mores,
1601 761 1659 809 qui
1684 774 1765 795 eum
1791 760 2004 808 distinguere
2027 776 2089 797 seu

409 823 579 865 delinire,
601 837 662 871 per
691 822 921 857 imitationem
950 821 1110 869 vitaeque
1140 835 1272 867 genus,
1294 830 1468 869 quatenus
1498 822 1574 856 fieri
1601 830 1735 869 potest,
1764 821 1906 857 debent.
1936 821 1986 857 Ex
2018 837 2090 857 uno

412 885 526 932 itaque
556 899 620 918 eeu
651 883 822 932 principio
847 897 887 917 ae
909 882 1026 916 radice
1043 910 1050 924 ,
1075 881 1212 915 Christo
1242 881 1374 916 seilicet
1389 911 1397 924 ,
1420 883 1672 930 procedentes,
1696 883 1984 918 communionem
2008 883 2092 918 rela-

409 945 608 993 tionemque
632 954 789 979 mutuam
812 951 1032 978 conservant:
1052 951 1086 977 et
1109 955 1323 990 quamquam
1343 943 1535 978 substantia
1558 944 1730 992 modoque
1754 944 1927 979 existendi
1949 944 2091 980 differre

410 1005 498 1040 inter
519 1020 552 1040 se
582 1013 797 1046 noscuntur,
820 1003 1050 1038 nihilominus
1081 1003 1202 1037 eodem
1230 1003 1373 1038 nomine
1404 1012 1574 1047 utuntur,
1599 1013 1631 1039 et
1659 1005 1858 1039 eommunis
1879 1005 1915 1039 in
1943 1014 2091 1054 utraque

409 1080 443 1100 re
466 1067 689 1114 praedicatur
713 1065 845 1100 Christi
866 1065 1119 1099 denominatio.
1143 1063 1183 1098 Si
1207 1078 1288 1111 ergo
1311 1064 1386 1099 talis
1409 1065 1631 1108 communio,
1654 1065 1818 1113 idemque
1840 1079 1949 1100 nexus
1970 1067 2013 1100 ab
2035 1066 2090 1101 bis

408 1127 580 1161 retinetur
610 1140 685 1173 erga
715 1127 993 1172 homogeneum,
1016 1134 1119 1173 atque
1141 1124 1184 1159 ad
1206 1125 1460 1172 homonymum
1483 1140 1542 1172 par
1569 1126 1681 1159 honor
1707 1126 1908 1169 redundat,
1931 1141 2014 1161 sane
2035 1127 2090 1161 his

406 1188 616 1222 attribuatur
644 1187 823 1221 christiani
852 1200 991 1221 nomen.
1022 1185 1087 1220 Sin
1109 1186 1160 1219 his
1181 1199 1322 1233 prorsus
1352 1187 1525 1220 contraria
1554 1186 1711 1229 faciunt,
1732 1195 1836 1234 atque
1863 1187 1959 1221 omni
1987 1187 2093 1222 dede-

407 1262 487 1283 core
511 1257 543 1282 et
564 1248 751 1295 ignominia
782 1248 938 1282 obruunt
970 1246 1108 1281 Christo
1138 1261 1249 1295 aeque
1272 1260 1312 1281 ae
1335 1246 1400 1281 sibi
1430 1260 1616 1281 commune
1642 1261 1769 1282 nomen
1799 1256 1831 1281 et
1858 1255 2018 1282 mutuam
2042 1263 2092 1283 rc-

405 1309 590 1351 lationem,
613 1323 676 1344 eur
701 1309 735 1342 111
762 1308 1043 1343 (1111·151131111111111
1067 1306 1338 1356 appellationem
1362 1306 1654 1354 participabunt?

508 1371 566 1416 48.
596 1369 701 1416 Quod
722 1377 835 1403 autem
857 1369 961 1403 huius
983 1369 1033 1403 rei
1056 1382 1159 1403 causa
1180 1368 1359 1416 archetypi
1382 1382 1525 1416 quoque
1548 1368 1745 1403 destructio
1767 1369 1810 1403 ab
1830 1368 1915 1418 ipsis
1936 1370 2014 1412 fiat,
2041 1384 2092 1404 ra·

403 1431 542 1467 tiocinii
563 1431 702 1480 sequela
727 1439 760 1465 ct
782 1444 897 1465 rerum
917 1444 1006 1478 quae
1025 1437 1222 1463 cernuntur
1242 1428 1394 1463 intentio
1413 1429 1550 1463 faciunt
1569 1429 1777 1476 intelligere.
1798 1429 1972 1465 Distrahit
1995 1431 2090 1465 enim

231 1504 304 1529 (ir-1»,
324 1507 367 1524 tt'u
406 1493 545 1528 illorum
575 1491 886 1533 coniunctionem,
911 1490 1135 1538 nominisque
1165 1489 1474 1531 communionem,
1502 1489 1712 1537 homogenei
1744 1499 1775 1525 et
1804 1491 2005 1538 homonymi
2034 1491 2090 1525 ab·

404 1554 539 1600 negatio
568 1561 602 1588 et
627 1552 786 1587 abiectio.
818 1551 940 1585 Simile
968 1551 1053 1599 qnid
1077 1549 1284 1598 patiuntur,
1308 1563 1347 1584 ae
1378 1549 1405 1584 si
1433 1549 1474 1584 de
1503 1550 1641 1585 duobus
1670 1551 1788 1598 pueris
1810 1551 2088 1599 disquireretur,

162 1632 210 1653 vm.
225 1624 317 1659 rrzrgo‘3
331 1635 367 1649 ⁴1¹3-
405 1623 523 1649 utrum
546 1628 585 1648 ex
608 1613 728 1649 eodem
749 1621 864 1647 0550111
887 1621 983 1659 patre
1011 1613 1029 1632 ᾖ
1056 1610 1251 1659 progeniti3
1276 1624 1424 1658 quorum
1451 1610 1508 1645 ille
1535 1611 1594 1660 qui
1619 1612 1810 1647 incolumia
1840 1612 2007 1647 retineret
2034 1626 2089 1660 pa-

162 1671 311 1694 ⁷⁹²⁶³²“³¹⁷'
406 1684 505 1715 terna
533 1675 759 1716 11111311101113,
783 1682 816 1708 et
837 1672 1057 1707 indelebilem
1086 1680 1224 1717 gereret
1246 1685 1327 1706 cum
1350 1671 1510 1718 gignente
1537 1672 1827 1716 similitudinem,
1850 1673 1977 1708 merito
2006 1687 2088 1708 sanc

403 1743 624 1783 reputaretur
645 1733 945 1781 germanissimus:
966 1733 1050 1767 alter
1074 1746 1155 1766 vero
1176 1731 1266 1766 nihil
1287 1732 1411 1766 horum
1432 1731 1590 1766 retinens
1604 1761 1612 1775 ,
1635 1733 1861 1780 probabiliter
1883 1734 2014 1768 nothus
2037 1734 2089 1768 iu-

402 1796 584 1831 dicaretur
605 1804 637 1829 et
660 1803 852 1830 extraneus.
878 1793 987 1828 Nothi
1011 1807 1089 1840 ergo
1112 1801 1147 1827 et
1166 1792 1203 1827 hi
1228 1792 1418 1827 Christiani
1443 1793 1517 1827 iure
1542 1794 1754 1837 credentur,
1779 1803 1813 1829 et
1837 1794 1970 1830 Christi
1993 1795 2088 1829 here—

402 1857 508 1892 ditate
530 1865 635 1905 atque
658 1856 736 1891 ovili
760 1855 903 1903 expulsi.
928 1854 1071 1889 frustra
1093 1854 1187 1889 enim
1209 1854 1275 1889 sibi
1296 1854 1465 1900 adrogant
1484 1855 1581 1889 nullo
1604 1855 1705 1889 modo
1729 1855 1771 1890 ad
1797 1856 1884 1903 ipsos
1903 1856 2086 1903 pertinens

401 1932 549 1953 nomen:
572 1917 630 1951 5011
655 1917 697 1951 311
722 1916 945 1951 oeconomiae
971 1915 1101 1950 Christi
1123 1915 1421 1953 destructionem,
1444 1915 1493 1949 vel
1519 1916 1634 1963 potius
1656 1916 1698 1950 ad
1721 1930 1865 1950 suarum
1889 1916 2085 1950 animarum

402 1978 547 2013 exitium
562 2007 570 2020 ,
594 1978 788 2025 speciosum
813 1975 1111 2024 incircumscripti
1136 1975 1314 2010 obiiciunt
1336 1976 1557 2011 vocabulum.

502 2042 560 2087 41),
592 2038 687 2084 Quid
714 2052 791 2084 ergo
816 2038 937 2072 dicent
962 2038 1004 2072 de
1029 2037 1105 2072 aliis
1128 2037 1235 2072 sacris
1260 2037 1549 2083 figurationibus,
1571 2050 1696 2085 nempe
1721 2045 1752 2071 et
1777 2037 1886 2085 ipsius
1910 2036 2085 2071 sanctissi-

399 2115 473 2136 mae
499 2101 642 2147 virginis
664 2099 732 2134 1)οἰ
755 2099 872 2133 matris
887 2127 894 2141 ,
919 2107 954 2133 et
976 2107 1174 2133 ceterorum
1196 2106 1420 2137 sanctorum,
1442 2098 1504 2146 qui
1524 2098 1618 2132 omni
1642 2112 1725 2132 aevo
1748 2097 1823 2132 1)οο
1844 2098 2083 2146 placuerunt?

400 2162 498 2196 “Num
527 2161 627 2196 etiam
657 2160 733 2195 heic
762 2159 1081 2208 incircumscriptio
1112 2160 1265 2207 ipsorum
1295 2159 1469 2195 obstabit?
1496 2159 1547 2193 vel
1576 2174 1615 2194 ex
1645 2159 1770 2194 deitate
1801 2168 1836 2194 et
1864 2159 2081 2194 humanitate

401 2231 595 2257 constantes
625 2223 716 2270 ipsos
747 2222 945 2257 definient?
974 2221 1055 2256 Non
1085 2221 1169 2255 lieet
1198 2221 1277 2255 11010
1306 2222 1463 2269 profecto
1493 2220 1611 2255 dicere
1641 2221 1808 2256 deitatem
1835 2235 1904 2255 nna
1934 2221 2082 2255 circum—

401 2283 526 2325 scribi,
543 2284 594 2318 vel
620 2297 760 2318 carnem
781 2283 944 2325 distrahi,
965 2291 997 2317 et
1018 2283 1162 2317 unicam
1183 2282 1289 2316 dividi
1312 2296 1513 2330 personamg
1536 2291 1569 2317 01
1593 2283 1801 2325 coniuncta,
1819 2281 1997 2330 pingendo
2019 2291 2082 2317 aut

401 2344 723 2379 circumscribendo
752 2344 899 2379 1115511111.
928 2344 984 2377 Ad
1006 2343 1089 2378 alias
1112 2343 1218 2391 igitur
1240 2343 1507 2378 adinventiones
1531 2352 1562 2377 et
1585 2344 1794 2391 prodigiosas
1823 2343 2079 2377 ludificationes

398 2405 670 2440 commiscendas
698 2404 859 2452 loquaces
890 2405 924 2439 hi
952 2413 1152 2452 peccatores
1182 2413 1440 2439 convertentur.
1469 2404 1568 2439 'Nihil
1597 2404 1694 2439 enim
1722 2404 1776 2438 his
1803 2403 1911 2450 magis
1941 2411 2078 2449 gratum

399 2475 450 2500 051
479 2475 514 2501 01
541 2467 574 2500 in
605 2480 696 2501 more
726 2466 898 2513 positum,
925 2480 1031 2514 quam
1059 2475 1100 2501 ut
1127 2465 1169 2500 ad
1199 2465 1365 2500 absurdos
1394 2465 1563 2512 cogitatus
1592 2465 1787 2513 impiosque
1815 2463 2018 2508 declinent3
2045 2472 2077 2497 et

399 2527 573 2575 quidquid
602 2527 824 2574 improbabile
851 2535 900 2561 cst
925 2542 964 2561 ac
989 2526 1068 2561 Deo
1094 2526 1261 2569 invisum,
1286 2535 1478 2562 sectentur.

503 2588 559 2623 50.
583 2586 767 2632 Quaenam
789 2596 907 2622 autem
930 2597 981 2622 est
1002 2588 1149 2622 istorum
1166 2588 1229 2622 hae
1250 2587 1283 2621 in
1305 2602 1341 2622 re
1362 2587 1506 2635 opinio?
1529 2585 1624 2632 Quia
1643 2585 1849 2621 nullatenus
1869 2585 1963 2633 quod
1989 2585 2076 2621 utile

390 2657 451 2683 rest
475 2662 686 2695 cognoscere
713 2647 845 2685 valent.
868 2663 983 2697 neque
1010 2649 1114 2683 ullam
1138 2649 1309 2683 rationem
1335 2648 1551 2695 excogitare,
1573 2661 1660 2695 quae
1687 2660 1769 2681 suae
1795 2646 2007 2694 improbitati
2035 2661 2075 2681 ae

396 2709 565 2744 maleficio
600 2708 866 2756 patrocinetur,
896 2709 936 2743 ad
966 2709 1152 2744 arbitrium
1186 2723 1289 2744 suum
1317 2718 1419 2756 atque
1449 2708 1490 2742 ad
1518 2707 1677 2756 propriae
1706 2707 1865 2741 vesaniae
1896 2706 2074 2754 ingenium

398 2770 627 2816 confugiunt,
650 2769 867 2816 dicuntque:
899 2776 946 2813 (τῇ-’3
976 2769 1141 2817 quoniam
1165 2768 1297 2804 Christi
1325 2769 1441 2804 cultus
1465 2768 1669 2803 exsufflatus
1692 2776 1744 2802 est
1767 2776 1800 2802 et
1825 2767 1971 2811 excidit,
1995 2781 2076 2802 con-

400 2838 446 2875 54)
478 2839 688 2865 50111311011111
717 2838 767 2863 051
785 2858 792 2866 ,
822 2830 1085 2865 venerationem
1113 2844 1254 2879 quoque
1283 2839 1483 2875 sanctorum
1513 2829 1619 2864 simul
1647 2829 1805 2864 desinere
1825 2857 1833 2871 ,
1862 2843 1977 2878 neque
2007 2829 2074 2863 iam

401 2897 446 2935 &9
477 2891 641 2939 deinceps
668 2890 851 2925 mentione
877 2890 1018 2938 dignam
1042 2891 1169 2939 putari.
1201 2897 1248 2936 ὦ)
1281 2891 1392 2940 Atqui
1419 2905 1517 2926 nune
1545 2899 1683 2939 teinpus
1710 2898 1762 2926 est
1783 2889 1947 2927 dicendi:
1971 2889 1999 2924 si
2019 2903 2076 2937 pa·
