2203 3331
210 1026 248 1045 fir.
267 1030 288 1050 11.
307 1028 338 1046 Γ).

131 1759 136 1764 ·
154 1760 187 1778 :1
204 1750 337 1785 &mainw-

205 1996 212 2001 ’
229 1992 285 2012 add«-
302 1998 335 2019 gt·-

202 2020 228 2045 η’)
234 2031 296 2046 'naz

371 161 418 194 32
931 171 959 194 s.
988 171 1160 195 &wernoni
1187 171 1446 196 Axnnnnriricrs
1473 172 1500 195 r,

476 225 614 273 Utique
635 224 687 259 vel
714 224 798 259 haec
819 224 881 260 dos
903 226 974 262 sola
998 227 1365 276 (incircumscriptio)
1392 228 1489 263 carni
1509 227 1643 263 adiecta
1669 229 1800 265 sufficit
1819 230 1863 265 ad
1885 231 2061 280 quaestio-

372 288 426 322 nis
448 295 577 321 statum
598 285 929 331 demonstrandum,
950 302 1077 337 nempe
1098 289 1194 337 quod
1216 289 1363 324 omnino
1385 303 1431 324 ne
1453 302 1595 324 carnem
1614 290 1759 338 quidem
1779 305 1872 334 esse,
1888 292 1980 340 apud
2000 307 2060 328 vos

374 348 444 381 iam
466 354 612 381 constet.
640 345 834 382 Destruere
858 348 952 383 enim
980 349 1046 384 hoc
1067 358 1168 398 pacto
1189 349 1410 385 arbitramini
1432 349 1616 386 universae
1643 365 1782 400 quoque
1804 353 2060 389 incarnationis

372 407 560 450 rationem,
584 407 873 456 quandoquidem
893 417 1003 444 totam
1025 410 1336 458 phantasiastarum
1355 410 1531 445 sentinam
1552 411 1752 447 exhausistis
1778 412 1941 461 (1).Cur
1963 414 2062 448 enim

370 476 514 516 propter
534 468 609 503 eius
630 481 712 503 cum
731 467 851 504 Verbo
878 470 1073 513 unionem,
1097 471 1193 506 carni
1213 485 1284 506 non
1307 470 1508 507 adtribuitis
1533 472 1638 506 etiam
1659 472 1992 520 impassibilitatem,
2016 483 2062 509 at-

371 543 438 578 que
460 537 500 564 ut
521 528 565 564 sit
586 528 843 577 intemporalis,
863 538 898 565 et
918 530 994 565 sine
1017 531 1138 575 initio,
1158 540 1192 567 et
1213 531 1417 575 invisibilis,
1437 531 1674 579 intangibilis,
1694 533 1822 581 absque
1843 534 1911 569 ulla
1932 535 2062 582 figura,

373 598 409 625 et
435 603 681 639 quaecumque
708 590 773 625 alia
798 590 835 625 in
861 590 980 626 Verbo
1007 592 1309 640 contemplamur?
1334 593 1539 641 praesertim
1559 593 1644 641 quia
1664 593 1749 628 haec
1770 594 1921 629 invicem
1945 596 2063 630 subse-

373 659 553 699 quuntur:
570 664 652 685 nam
672 650 766 699 quod
785 659 837 685 est
857 651 1221 700 incircumscriptum,
1241 653 1336 688 idem
1357 661 1407 688 est
1430 653 1620 700 invisibile3
1640 653 1734 702 quod
1757 654 1948 697 invisibile,
1966 655 2062 690 idem

374 710 574 757 infinitum3
595 711 663 746 hoc
683 720 800 746 autem
820 711 1179 759 incomprehensibile
1201 713 1305 748 etiam
1326 722 1388 749 est.
1410 713 1507 749 Tum
1527 714 1622 762 quod
1644 723 1693 749 est
1714 714 1945 762 impassibile,
1967 715 2062 750 idem

373 771 663 820 incorruptibile3
684 771 778 820 quod
798 772 1085 820 incorruptibile,
1108 773 1201 808 idem
1222 774 1436 821 immortale3
1458 775 1554 823 quod
1578 775 1766 810 immortale
1779 804 1787 818 ,
1806 775 2062 823 sempiternum

373 846 516 881 quoque
539 840 605 875 est,
625 832 776 880 ideoque
797 832 867 866 fine
886 846 1021 868 carens,
1046 831 1107 868 Sic
1128 833 1246 882 itaque
1268 848 1303 869 se
1324 835 1466 870 habebit
1485 835 1591 870 etiam
1613 850 1711 878 earo,
1729 844 1770 870 ut
1786 844 1960 884 tamquam
1980 850 2062 871 con-

373 893 492 940 genita
513 892 629 928 Verbo
655 901 689 927 et
709 892 991 927 substantialiter
1014 902 1214 941 compacta,
1235 902 1339 942 atque
1364 909 1488 930 omnes
1515 895 1736 944 proprietates
1761 896 1905 944 adepta,
1928 891 1972 931 ex*
1988 896 2064 945 qui-

372 954 436 989 bus
462 953 573 988 Verbi
601 953 795 988 substantia
821 952 1064 999 dignoscitur,
1087 953 1192 988 etiam
1220 955 1526 991 consubstantialis
1553 956 1602 991 illi
1628 957 1756 993 evadat.
1784 956 1919 1000 Immo,
1943 957 1971 992 si
1997 971 2061 992 nos

374 1022 509 1062 oportet
536 1012 793 1056 rationabilius,
814 1013 996 1048 vobiscum
1024 1013 1293 1060 congredientes
1307 1043 1315 1057 ,
1336 1015 1474 1062 dicei-<23
1500 1017 1668 1064 quoniam
1696 1031 1797 1060 caro,
1818 1032 1859 1053 ex
1885 1018 2060 1053 sententia

372 1083 504 1117 vestra,
531 1073 840 1109 consubstantialis
865 1072 983 1109 Verbo
1011 1073 1089 1109 data
1117 1083 1188 1117 est,
1209 1073 1371 1110 Verbum
1398 1084 1519 1111 autem
1545 1077 1636 1125 patri
1663 1086 1714 1112 est
1743 1078 2060 1125 consubstantiale3

372 1135 548 1183 sequitur,
566 1135 664 1169 iuxta
685 1133 912 1169 ratiocinium
932 1142 1086 1170 vestrum
1099 1162 1108 1178 ,
1126 1143 1167 1169 ut
1189 1148 1266 1170 caro
1286 1135 1377 1184 patri
1397 1150 1538 1185 qnoque
1560 1137 1603 1172 sit
1624 1138 1946 1181 consubstantialis,
1966 1140 2062 1174 item-

372 1210 441 1243 que
465 1194 625 1243 Spiritui.
654 1194 697 1229 In
722 1203 860 1230 tantum
887 1209 946 1230 vos
973 1194 1157 1243 impietatis
1184 1196 1387 1231 barathrum
1415 1197 1570 1246 speciosa
1596 1197 1680 1232 haec
1703 1206 1735 1232 ct
1756 1199 1929 1246 praeclara
1957 1199 2062 1234 incir-

375 1256 599 1304 cumscriptio
628 1254 796 1304 proiecit!
826 1254 898 1290 Sed
920 1264 953 1291 et
974 1255 1064 1291 illud
1093 1256 1237 1300 addam,
1259 1257 1361 1292 aliter
1384 1258 1490 1293 etiam
1509 1258 1701 1294 Mamonae
1728 1259 1839 1294 nostri
1865 1272 2061 1295 sermonem

374 1317 410 1351 in
433 1326 623 1352 extremam
642 1316 806 1351 desinere
827 1315 1060 1365 impietatem:
1083 1325 1177 1352 certe
1199 1317 1237 1352 in
1258 1326 1424 1366 quantam
1448 1318 1686 1366 irreligionem
1706 1319 1873 1367 abripiat,
1895 1319 1979 1354 hinc
2002 1333 2063 1355 no-

372 1392 516 1413 scemus.
536 1377 701 1426 Namque
722 1378 759 1412 hi
778 1377 867 1413 sicut
888 1378 979 1413 eirca
1001 1378 1289 1414 incarnationem
1310 1379 1345 1414 in
1368 1380 1441 1428 ipsa
1461 1379 1511 1414 rei
1530 1393 1665 1415 summa
1685 1381 1867 1423 aberrant,
1890 1380 1938 1415 ita
1959 1381 2062 1416 etiam

373 1438 407 1473 in
429 1439 592 1473 doctrina
612 1438 655 1474 de
678 1439 752 1487 ipso
774 1437 851 1473 Deo
874 1438 1095 1474 offendentes
1109 1468 1117 1481 ,
1140 1440 1296 1488 capitalis
1326 1440 1486 1475 criminis
1506 1441 1558 1475 rei
1578 1440 1725 1475 suismet
1747 1441 1834 1489 capti
1854 1440 1988 1489 laqueis
2010 1441 2062 1475 in·

375 1500 573 1535 cautissime
593 1499 913 1548 deprehendentur.
933 1498 1075 1534 Etenim
1094 1500 1221 1536 talione
1243 1501 1501 1550 quodammodo
1520 1501 1701 1536 relationes
1721 1501 1892 1536 alternare
1911 1502 1949 1536 in
1969 1510 2062 1536 utra-

375 1575 444 1610 que
472 1575 509 1596 re
540 1570 746 1599 cernuntur.

478 1635 535 1657 21.
564 1622 657 1657 Nam
681 1622 775 1658 sicut
796 1621 835 1657 in
857 1622 1101 1658 incarnatione
1130 1623 1344 1672 copulantur
1369 1633 1512 1659 naturae
1538 1624 1580 1659 ad
1605 1623 1839 1673 hypostasim,
1860 1623 1909 1658 ita
1934 1623 2062 1657 discer-

373 1690 511 1718 nuntur
532 1682 570 1717 in
593 1682 767 1718 Trinitate
788 1683 993 1732 hypostases
1014 1692 1154 1732 propter
1175 1684 1372 1732 personales
1392 1685 1632 1733 proprietates.
1655 1684 1822 1719 Vicissim
1849 1683 2062 1732 copulantur

1690 1747 1708 1765 ᾖ
1729 1753 1845 1780 autem
1862 1753 2005 1779 naturae
2025 1744 2061 1778 in

373 1743 409 1777 in
428 1742 600 1779 Trinitate
622 1744 822 1794 hypostases
838 1773 846 1787 ,
864 1744 906 1779 ob
925 1744 1072 1780 eandem
1089 1744 1127 1779 in
1145 1745 1199 1779 his
1216 1755 1395 1792 natura1n3
1413 1746 1671 1781 discernuntur

373 1803 637 1848 incarnatione,
659 1814 798 1854 propter
817 1805 1028 1841 substantiae
1049 1806 1304 1849 differentiam,
1326 1807 1438 1841 factae
1460 1806 1674 1841 individuae.
1705 1805 1808 1841 Sicut
1832 1820 1910 1852 ergo
1932 1806 1968 1839 hi
1989 1819 2060 1839 non

373 1865 557 1912 adsignant
586 1866 783 1915 peculiares
811 1875 1023 1902 naturarum
1044 1867 1080 1901 in
1103 1867 1342 1902 incarnatione
1372 1868 1619 1916 proprietates,
1641 1881 1728 1915 quae
1758 1866 1830 1901 illas
1860 1866 1901 1900 ab
1925 1866 2063 1900 hetero-

373 1926 492 1973 geneis
520 1935 731 1970 secernant,
753 1927 802 1962 ita
830 1942 876 1963 ne
906 1927 943 1962 in
965 1927 1135 1962 Trinitate
1163 1928 1307 1976 quidem
1328 1929 1510 1963 distinctas
1539 1927 1684 1962 omnino
1713 1927 1930 1962 exhibebunt
1958 1926 2062 1974 hypo-

1730 1990 1747 2007 ᾗ
1776 1996 1943 2036 spectatas
1970 1987 2062 2022 inter

372 1995 507 2023 staseon
536 1996 656 2031 notas,
678 2002 768 2037 quae
796 1988 882 2037 ipsas
904 1989 1105 2037 hypostases
1128 1988 1163 2023 in
1187 1983 1259 2024 una
1289 1989 1481 2037 eademque
1509 1988 1702 2023 substantia

373 2061 407 2082 se
429 2048 661 2096 distinguunt.
682 2048 798 2098 Atque
820 2057 860 2084 ut
882 2048 953 2084 illie
975 2049 1017 2084 de
1038 2049 1231 2097 hypostasi,
1254 2049 1299 2084 ita
1320 2050 1398 2084 heic
1419 2049 1461 2084 de
1485 2057 1608 2084 natura
1637 2049 1864 2084 rixabuntur:
1889 2048 2062 2096 siquidem

373 2109 631 2157 proprietatum
651 2110 746 2158 apud
768 2110 859 2159 ipsos
880 2124 950 2145 non
974 2110 1114 2145 videtur
1141 2110 1219 2145 fieri
1249 2110 1442 2145 distinctio·
1471 2109 1570 2155 Quid
1593 2124 1674 2156 ergo
1703 2109 1746 2144 ad
1774 2109 1862 2144 liaec
1887 2108 2063 2144 dicimus?

373 2168 506 2217 Nempe
530 2170 625 2219 quod
648 2170 676 2205 si
697 2171 792 2206 iuxta
820 2170 960 2206 illorum
989 2171 1263 2219 propositiones,
1285 2179 1428 2219 propter
1456 2170 1629 2206 unionem
1659 2183 1741 2205 cum
1762 2169 1881 2204 Verbo
1896 2198 1903 2212 ,
1926 2177 2062 2217 oportet

374 2243 513 2265 carnem
541 2245 614 2266 esse
644 2230 1007 2280 incircumscriptam3
1029 2245 1171 2266 necesse
1201 2240 1254 2266 est
1275 2246 1292 2266 e
1323 2232 1518 2274 contrario,
1541 2231 1712 2279 quoniam
1740 2230 1934 2279 oppositam
1962 2230 2063 2264 ratio-

371 2303 452 2324 nem
475 2305 528 2325 res
551 2291 801 2327 incarnationis
827 2293 980 2335 habent,
1002 2291 1097 2327 idem
1124 2292 1293 2340 consequi
1320 2292 1512 2340 flagitium,
1534 2292 1624 2327 sicut
1651 2305 1763 2326 sermo
1791 2299 1912 2325 noster
1937 2290 2063 2326 decur-

371 2363 449 2384 rens
477 2350 734 2388 demonstrabit.
762 2352 853 2388 Nam
881 2353 910 2388 si
938 2361 1035 2402 pater
1063 2362 1117 2388 cst
1146 2353 1346 2401 ingenitus,
1369 2353 1462 2388 filius
1489 2361 1608 2388 autem
1636 2352 1802 2399 genitus3
1829 2351 1891 2386 erit
1919 2359 2063 2399 propter

372 2424 478 2446 unam
502 2412 718 2462 eandemque
745 2423 930 2458 naturam,
952 2414 1150 2450 secundum
1176 2428 1282 2463 quam
1308 2414 1546 2450 indifferentia
1568 2423 1601 2449 et
1623 2413 1813 2461 aequalitas
1838 2413 1875 2446 in
1898 2412 2061 2447 ambobus

372 2481 570 2520 spectatur,
592 2474 655 2508 erit
676 2474 821 2523 inquam
846 2484 942 2524 pater
968 2490 1107 2525 quoque
1135 2476 1298 2523 genitus:
1322 2476 1377 2511 vel
1403 2475 1534 2524 alioqui
1556 2475 1648 2510 filius
1672 2474 1875 2521 ingenitus3
1898 2473 2061 2522 idemque

372 2546 483 2568 sermo
505 2533 548 2568 de
573 2533 707 2582 Spiritu
731 2536 833 2571 etiam
852 2546 974 2572 sancto
994 2537 1128 2572 valebit.
1158 2536 1234 2572 Hoc
1263 2546 1380 2572 autem
1407 2537 1492 2586 quid
1521 2536 1592 2571 dici
1620 2544 1733 2584 potest
1762 2534 1943 2570 scelestius
1965 2544 1997 2569 et
2019 2535 2063 2569 ir-

372 2594 593 2642 religiosius?
618 2594 687 2630 Sed
712 2596 779 2631 iam
803 2597 889 2632 adeo
916 2597 1076 2634 absurdis
1101 2598 1258 2641 omissis,
1283 2598 1326 2632 ad
1352 2598 1502 2646 reliquas
1528 2596 1699 2632 sermonis
1723 2604 1838 2644 partes
1863 2609 2061 2643 pergamus.

454 2675 487 2704 [t]
508 2673 608 2700 Contra
623 2673 829 2707 iconomachos,
843 2675 891 2710 qui
906 2676 976 2702 viani
993 2676 1153 2703 sternebant
1171 2676 1379 2710 phantasiastis,
1394 2676 1430 2702 ita
1444 2674 1591 2702 Macarius.
1606 2676 1636 2700 Τί
1650 2674 1727 2710 52:327
1745 2678 1796 2704 τοῖς
1814 2676 1946 2704 &zm-raul-
1961 2675 2062 2700 ὑπανοί-

371 2729 442 2752 Ἱῡίς,
465 2720 506 2744 ’(κὶ
529 2720 556 2744 τό
578 2721 621 2748 τῆς
642 2718 787 2752 οἰκονομίας
806 2719 952 2754 ἀνατρέπεις
973 2722 1130 2756 μυστήριονς
1150 2722 1173 2746 τί
1193 2723 1277 2749 καινήν
1299 2722 1340 2746 καί
1365 2732 1472 2754 πον-ηραν
1494 2720 1641 2753 msto-'7355
1663 2719 1834 2754 voaafisci'w,
1857 2721 1869 2746 ὁ
1890 2720 1933 2750 τῆς
1952 2720 2061 2754 >salutm

370 2764 488 2795 αι’-ια’ξιος,
508 2764 537 2789 τό
558 2765 663 2799 πονηρόν
684 2766 727 2794 τῆς
747 2767 906 2800 μανιχαῑκῆς
926 2766 1046 2800 αἱρέσεως
1065 2767 1220 2801 &nezanum
1241 2764 1385 2798 cursores
1401 2765 1611 2799 phantasiastis
1626 2764 1788 2799 palmari-s,
1806 2767 1835 2791 et
1855 2766 2064 2791 iucarnationis

373 2810 538 2843 mysterimn
556 2808 687 2836 subrm's?
707 2811 767 2836 Car
786 2818 885 2845 noram
903 2819 1084 2849 prat-amque
1103 2812 1233 2847 requlam
1255 2811 1380 2843 invehis,
1401 2820 1416 2837 o
1435 2811 1518 2837 homo
1537 2813 1635 2846 φ’(ιίῐη
1658 2811 1788 2845 indique.
1809 2820 1824 2837 ο
1846 2809 1950 2844 ι’)ζϊθῖιζῑ
1969 2812 2063 2837 mani-

370 2852 477 2880 chaeac
496 2853 643 2881 haereseos
657 2854 782 2889 partus?
