2203 3331
669 261 732 286 PRO
759 261 886 285 SANCTls
912 260 1111 284 lMAfflNchs.
1666 248 1730 282 175

54 322 90 359 in
116 319 366 371 episcopalibus
388 317 530 353 sedibus
555 318 739 353 constituti
760 318 900 353 suimus.
928 316 1056 351 Pareat
1076 329 1155 349 vero
1180 315 1279 350 nobis
1300 315 1395 351 Deus
1409 345 1417 359 ,
1439 316 1533 365 quod
1560 316 1621 350 hos
1649 327 1731 362 quo-

55 397 123 432 que
147 393 260 416 sacros
283 392 434 414 canones
457 378 773 426 contempserimus
797 379 847 425 (1)
865 405 873 420 ,
894 385 929 412 et
948 374 1154 424 professioni
1176 375 1333 410 infideles
1355 377 1534 411 extitimus
1548 403 1556 418 ‚
1578 387 1732 424 quorum

59 454 223 479 censuras
246 440 402 487 latasque
433 439 624 474 sententias
646 439 685 472 in
706 438 889 473 animabus
916 437 1046 472 nostris
1075 436 1230 483 gerimus
1244 464 1252 478 ,
1273 437 1352 483 quia
1374 437 1514 484 impiam
1541 437 1735 484 profanam·
1771 444 1810 464 m.
1827 446 1896 469 12-251·

61 517 130 551 que
159 500 354 536 doctrinam
380 508 500 534 mente
528 499 688 534 fovimus.
716 498 770 533 Ita
796 499 941 533 fortasse
961 525 970 540 ‚
998 497 1026 532 si
1053 511 1071 532 a
1098 510 1159 531 sua
1188 496 1326 543 crapula
1353 505 1459 544 atque
1492 496 1735 531 incredulitate

61 562 252 610 aliquando
280 561 547 609 resipiscerent,
574 560 713 608 sibique
741 559 950 607 imperantes
977 558 1019 593 ad
1047 558 1229 592 veritatem
1257 556 1494 605 respicerent,
1519 558 1564 592 ita
1593 558 1739 604 inquam

63 624 204 658 sortasse
233 622 491 670 loquerentur,
519 633 662 655 suarum
689 619 883 654 animarum
916 618 1007 653 mala
1034 618 1264 666 deplorantes.
1291 617 1365 652 Nos
1394 618 1534 652 interim
1562 617 1741 665 reliquum

63 696 260 718 sermonem
283 693 540 729 prosequamur
554 709 562 722 ‚
584 688 619 715 et
642 679 816 728 proposito
841 687 1048 726 argumento
1074 677 1286 713 insistamus.

169 743 227 778 26.
259 749 307 788 <729
332 741 536 777 Sacerdotes
556 741 628 782 tui,
650 740 768 788 inquit
787 740 985 787 scriptura,
1008 738 1204 774 induentur
1233 738 1367 773 iustitia
1387 738 1414 772 *fi
1439 737 1559 771 Alieni
1586 751 1666 771 vero
1694 751 1741 772 sa-

68 807 116 846 ςὶῦ
149 802 306 837 cerdotes
326 801 438 850 quid?
458 801 655 836 induentur
676 799 869 846 ignominia
884 828 891 842 ,
913 799 996 847 quia
1017 798 1105 834 idola
1129 798 1271 833 adorare
1293 797 1425 833 volunt.
1451 802 1499 842 (ᾗ)
1523 796 1619 831 Haec
1641 797 1741 831 aiunt

64 862 222 897 homines
250 861 460 897 sacerdotali
489 861 663 896 schemate
692 860 831 903 induti,
853 861 915 908 qui
945 860 1175 895 christianum
1197 868 1313 893 tamen
1338 857 1459 904 dogma
1486 857 1684 898 eierarunt,
1709 865 1743 891 et

66 922 233 956 idolicum
259 921 506 969 praecipitium
532 920 761 962 maluerunt,
784 920 821 954 in
849 920 945 969 quod
975 934 1008 955 se
1037 920 1147 955 ruisse
1177 919 1311 967 ipsimet
1335 918 1560 966 pervulgant,
1584 916 1642 951 alii
1669 916 1744 963 qui-

67 981 149 1016 dem
169 981 212 1016 ad
233 981 385 1016 veritatis
407 981 632 1029 splendorem
658 981 770 1015 oculis
799 980 1029 1015 conniventes
1044 1009 1051 1022 ,
1074 980 1134 1014 alii
1161 987 1278 1014 autem
1303 978 1569 1013 involuntariam
1598 976 1745 1011 eaecita-

67 1051 137 1077 tem
164 1043 274 1090 passi:
298 1042 470 1090 siquidem
492 1042 596 1076 sacris
617 1041 827 1088 imaginibus
841 1070 849 1084 ,
872 1041 966 1076 sieut
986 1041 1033 1090 pii
1055 1054 1173 1075 omnes
1200 1039 1393 1075 Christiani
1413 1039 1622 1087 profitentur
1643 1046 1677 1071 et
1698 1038 1745 1071 l'a-

66 1102 185 1145 ciunt,
208 1103 275 1150 ipsi
302 1116 441 1151 quoque
469 1102 642 1137 honorem
663 1102 747 1136 olim
767 1101 996 1147 detulerunt3
1018 1115 1109 1149 quae
1136 1101 1305 1135 nimirum
1326 1100 1501 1148 corporati
1521 1106 1660 1146 propter
1682 1111 1744 1132 nos

66 1161 139 1198 Dei
162 1162 272 1198 Verbi
299 1163 575 1205 humanitatem,
597 1163 767 1198 visibilem
792 1162 1035 1210 depictamque
1064 1162 1287 1209 exprimunt,
1310 1161 1464 1209 itemque
1489 1167 1687 1194 sanctorum
1710 1166 1746 1192 et

67 1222 259 1257 electorum
287 1225 363 1258 eius
383 1223 486 1257 fortia
506 1223 596 1258 facta
620 1231 654 1257 et
676 1223 888 1265 certamina,
910 1236 998 1271 quae
1020 1223 1062 1257 ob
1085 1222 1192 1270 ipsius
1214 1234 1367 1256 amorem
1390 1229 1512 1256 contra
1537 1218 1746 1254 adversarios

67 1283 339 1326 sustinuerunt,
368 1283 546 1317 denotant.
575 1282 715 1328 Quibus
744 1283 952 1330 imaginibus
979 1282 1091 1317 saneti
1118 1282 1272 1330 mysterii
1297 1295 1375 1315 vasa
1401 1281 1526 1315 decore
1555 1287 1674 1314 ornata
1701 1278 1748 1312 vi-

67 1342 175 1385 dent,
198 1343 350 1391 itemque
373 1357 505 1378 sacram
526 1351 677 1386 vestem,
699 1357 943 1391 quaecumque
965 1344 1001 1377 in
1022 1343 1139 1377 divina
1162 1342 1362 1378 extenditur
1382 1355 1499 1376 mensa
1524 1342 1573 1388 (2t
1597 1340 1650 1374 vel
1673 1339 1746 1374 aliis

69 1403 152 1438 locis
166 1432 173 1446 ,
196 1418 262 1439 nec
286 1418 357 1439 non
378 1405 644 1452 peripetasmata
664 1412 769 1452 atque
792 1412 921 1452 tapetes
943 1404 1065 1438 iisdem
1085 1403 1262 1449 decorari3
1285 1411 1361 1437 tum
1382 1402 1484 1436 etiam
1506 1414 1643 1436 sacrum
1666 1409 1748 1434 tem·

67 1463 166 1510 plum
186 1464 394 1499 venerandis
415 1465 571 1499 historiis
591 1465 792 1512 depictum,
813 1473 845 1498 et
865 1464 1140 1512 circumquaque
1159 1464 1212 1498 his
1232 1471 1446 1498 coronatum.
1470 1461 1648 1507 Quoniam
1668 1474 1749 1495 vero

67 1522 110 1556 ad
139 1524 337 1558 sacerdotes
362 1524 504 1572 (nescio
535 1538 624 1573 quos
652 1524 705 1559 vel
732 1524 876 1572 quales)
901 1524 988 1559 mihi
1016 1537 1130 1559 sermo
1157 1533 1230 1567 est,
1252 1523 1452 1570 tempestive
1474 1521 1663 1556 admodum
1691 1534 1750 1555 eos

70 1582 355 1630 interrogaverim
383 1585 525 1632 quinam
552 1585 644 1632 apud
668 1585 759 1632 ipsos
788 1584 945 1631 religiosi
972 1585 1061 1619 ritus
1081 1584 1134 1618 vel
1155 1598 1245 1632 quae
1276 1597 1370 1618 sacra
1397 1582 1562 1631 mysteria
1584 1582 1678 1616 sint?
1706 1580 1750 1615 Et

71 1643 248 1690 siquidem
273 1644 354 1678 alias
375 1658 408 1678 se
432 1644 664 1678 caerimonias
691 1644 822 1678 habere
849 1645 990 1685 dicant,
1014 1652 1045 1677 et
1067 1644 1200 1677 diversa
1221 1657 1239 1678 a
1259 1644 1387 1678 nostris
1407 1643 1566 1691 mysteria
1583 1671 1591 1685 ,
1614 1642 1680 1690 ipsi
1707 1641 1752 1675 vi-

69 1703 197 1738 derint.
226 1702 332 1749 Quod
360 1704 390 1738 si
417 1704 546 1738 habent
573 1704 660 1738 haec
689 1703 760 1751 ipsa
788 1712 904 1738 nostra
932 1717 1010 1738 vere
1038 1703 1199 1738 sublimia
1222 1711 1258 1738 et
1287 1703 1470 1745 caelestia,
1494 1703 1529 1737 in
1555 1717 1646 1751 quae
1671 1715 1752 1737 cum

70 1764 267 1799 reverentia
294 1764 405 1798 multa
426 1779 466 1799 ac
487 1764 713 1799 veneratione
742 1764 960 1812 prospiciunt
988 1763 1124 1811 angeli3
1148 1777 1213 1798 cur
1236 1778 1344 1812 quave
1372 1764 1533 1805 ratione,
1558 1777 1640 1798 cum
1660 1763 1752 1798 intra

71 1824 195 1872 templi
214 1824 317 1873 adyta
338 1833 487 1867 stantes,
507 1825 550 1859 ad
572 1825 803 1859 universalem
821 1824 939 1860 Deum
959 1834 1095 1873 patrem
1115 1839 1214 1860 sacra
1234 1826 1340 1860 rerba
1362 1839 1465 1873 supra
1488 1825 1752 1859 eucharisticam

70 1885 218 1920 hostiam
240 1886 445 1928 recitantes,
468 1886 584 1922 aiunt:
606 1893 628 1906 ‘⁴
654 1894 814 1920 avertens
836 1900 900 1920 nos
921 1887 962 1920 ab
983 1886 1153 1921 idolorum
1177 1900 1293 1921 errore
1319 1888 1468 1934 (nempe
1491 1885 1532 1919 de
1554 1885 1751 1932 Unigenito

75 1973 98 1988 2,
126 1945 345 1994 loquuntur)
367 1946 470 1981 duxit
490 1960 553 1980 nos
574 1945 616 1980 ad
641 1946 879 1992 cognitionem
898 1946 951 1981 tui
973 1947 1097 1990 solius,
1119 1947 1180 1995 qui
1203 1961 1236 1982 es
1257 1961 1356 1982 verus
1378 1946 1477 1981 Deus
1497 1954 1615 1994 paterg
1636 1946 1754 1993 acqui-

76 2035 99 2049 „
127 2021 210 2041 rens
231 2020 294 2041 nos
316 2007 381 2041 sibi
404 2007 574 2055 populum
597 2006 811 2055 peculiarem
835 2008 886 2055 (3)
911 2036 934 2051 ,,
952 2008 1086 2056 allaque
1109 2017 1283 2056 quotquot
1302 2008 1355 2042 his
1376 2008 1498 2042 similia
1519 2007 1577 2042 illo
1600 2008 1635 2041 in
1656 2008 1752 2050 loco,

74 2067 166 2102 inter
190 2081 330 2115 operam
353 2081 488 2103 sacram
514 2076 634 2116 postea
660 2069 862 2103 canuntur?

179 2141 236 2176 27.
267 2127 344 2162 Cur
369 2141 450 2162 vero
480 2127 647 2176 deinceps
668 2137 838 2175 nugantes
860 2138 1089 2178 amentesque
1104 2159 1112 2173 ,
1134 2144 1201 2165 ceu
1227 2130 1430 2178 lymphatici
1450 2129 1595 2178 quidam
1615 2138 1650 2164 et
1670 2137 1753 2164 atto-

74 2187 141 2221 niti
161 2187 360 2223 blaterant?
386 2191 433 2230 (ᾖ)
458 2187 538 2222 Nisi
561 2202 623 2223 nos
648 2188 905 2223 Constantinus
929 2188 1228 2238 (Copronymus)
1252 2190 1428 2225 idolorum
1453 2190 1588 2224 insania
1615 2189 1756 2224 liberas-

80 2253 128 2291 (ᾖ)
159 2256 230 2290 set,
253 2247 414 2283 Christus
436 2248 537 2283 nullo
559 2248 662 2283 modo
683 2249 845 2296 prodesse
866 2250 968 2285 nobis
990 2259 1136 2298 poterat.
1162 2258 1209 2296 <522
1237 2250 1310 2285 Cur
1331 2265 1431 2297 ergo,
1456 2251 1664 2285 confitentes
1685 2250 1756 2284 ido-

75 2307 114 2342 lis
136 2321 172 2342 se
194 2308 356 2343 liberatos
379 2323 397 2343 a
422 2308 582 2351 Christo,
605 2310 696 2344 idola
724 2324 844 2345 rursus
871 2311 963 2358 apud
991 2312 1150 2347 divinum
1179 2312 1283 2345 altare
1313 2312 1458 2346 adorant
1487 2312 1565 2359 (4)Ρ
1589 2310 1754 2346 Profecto

76 2368 172 2416 quod
201 2383 220 2403 a
248 2369 423 2404 mendacii
444 2377 542 2417 patre
571 2370 730 2418 inspirati
751 2371 838 2405 haec
862 2371 1051 2414 dictitent,
1074 2372 1213 2406 nemini
1240 2373 1257 2392 ζ*
1284 2386 1354 2406 non
1378 2372 1417 2407 fit
1443 2371 1692 2420 perspicuum,
1715 2380 1755 2406 ut

76 2428 164 2463 mihi
184 2443 392 2477 persuasum
415 2438 485 2472 est,
507 2430 588 2478 quia
609 2431 679 2466 duo
703 2432 876 2467 contraria
898 2446 1103 2481 summeque
1126 2432 1278 2467 invicem
1298 2433 1550 2480 repugnantia,
1572 2432 1755 2467 falsitatem

76 2490 250 2525 nimirum
271 2504 309 2525 ae
331 2491 513 2526 veritatem
527 2519 534 2533 ,
557 2491 624 2539 ipsi
643 2491 680 2525 in
703 2492 852 2527 eandem
873 2493 1127 2528 confessionem
1148 2506 1357 2527 concurrere
1381 2493 1587 2529 existimant.
1616 2493 1659 2528 ln
1681 2501 1755 2528 tan-

79 2557 154 2584 tum
175 2550 373 2586 dementiae
395 2565 433 2586 ac
455 2551 669 2600 stupiditatis
691 2561 883 2595 venerunt,
906 2562 944 2588 ut
963 2567 1037 2588 non
1058 2553 1209 2588 sentiant
1229 2554 1325 2588 vanis
1346 2567 1379 2588 se
1401 2554 1598 2589 ratiociniis
1619 2562 1654 2589 et
1674 2554 1755 2589 futi-

79 2609 172 2645 libus
200 2612 413 2658 argumentis
434 2626 494 2660 per
514 2625 664 2647 vacuum
684 2620 800 2648 aerem
821 2613 1057 2649 obambulare.
1085 2614 1177 2649 Nam
1197 2615 1226 2648 si
1244 2615 1433 2663 utrubique
1453 2629 1489 2650 se
1510 2629 1589 2650 vera
1610 2614 1751 2657 dicere,

159 2707 195 2737 (1)
213 2706 316 2741 Nempe
333 2706 498 2743 loquuntur,
517 2711 550 2735 ut
567 2708 623 2735 iam
642 2709 817 2743 monuimus,
837 2709 1019 2737 iconoclastae
1039 2710 1167 2746 episcopi.

161 2750 196 2779 (2)
214 2749 289 2776 Dicit
302 2753 488 2785 antimensia,
504 2751 581 2779 lintei
596 2760 682 2788 genus
702 2761 765 2780 cum
785 2753 892 2788 depicta
905 2755 1054 2781 servatoris
1069 2755 1201 2790 imagine,
1218 2755 1246 2791 in
1261 2763 1317 2791 quo
1332 2763 1414 2791 super
1427 2763 1502 2783 aram
1521 2764 1627 2783 sacram
1644 2759 1753 2782 extenso

81 2791 183 2819 Christi
203 2800 301 2841 corpus
319 2795 468 2829 reponitur.
489 2796 727 2824 Antimensiorum
747 2798 914 2826 consecratio
933 2806 981 2826 seu
999 2798 1154 2826 benedictio
1177 2799 1278 2835 legitur
1295 2800 1325 2827 in
1343 2801 1511 2828 Graecorum
1531 2798 1692 2833 euchologio
1711 2797 1753 2824 ed.

81 2843 151 2862 rom.
172 2843 236 2862 anni
259 2840 334 2864 1754.
355 2846 382 2873 p.
402 2841 463 2866 262.

164 2883 197 2911 13)
217 2881 317 2907 Extant
335 2880 401 2909 haec
420 2882 448 2909 in
468 2883 521 2911 divi
540 2884 635 2911 Basilii
654 2884 782 2920 liturgia,
802 2893 850 2913 seu
870 2886 961 2913 missa.
982 2886 1051 2914 Vide
1069 2887 1261 2923 euchologium
1281 2896 1307 2923 p.
1330 2891 1371 2915 79.

164 2926 198 2954 14]
218 2925 321 2959 Nempe
340 2925 368 2952 in
388 2926 466 2960 pictis
481 2928 668 2961 numerastis,
683 2936 765 2964 supra
784 2937 853 2965 quae
868 2930 1036 2965 sacrificant,
1053 2939 1102 2958 nec
1117 2939 1174 2959 non
1193 2932 1222 2960 in
1240 2932 1337 2960 ceteris
1351 2931 1475 2967 figuratis
1489 2930 1583 2957 altaris
1602 2928 1754 2958 ornatibus.

1778 746 1787 755 ’
1803 743 1839 765 Ps.
1854 742 1952 764 CXXXI.
1966 747 1985 761 ει.

1792 2389 1799 2396 “
1815 2389 1849 2411 gr.
1865 2391 1937 2407 παντι
1958 2391 1996 2412 τᾳ..

1790 2564 1828 2584 ω’.
1842 2568 1864 2588 p.
1881 2564 1912 2583 32.
