2203 3331
198 1032 235 1053 fir.
250 1038 273 1059 p.
288 1036 321 1054 δι’,

126 1218 133 1224 “
150 1215 165 1235 1.
181 1215 232 1234 (ior.
249 1214 284 1235 M.
300 1218 319 1235 2.

114 1341 122 1347 ⁴
132 1337 241 1359 usmis-ss.
251 1338 278 1359 11.
288 1341 318 1359 11.
360 1347 382 1362 ετ

159 2373 165 2378 ’
183 2370 249 2391 Ρ1·111·.
267 2369 282 2390 l.
298 2374 316 2390 ,5,
357 2381 379 2395 3,

363 164 407 197 90
910 173 937 195 S·
963 174 1134 198 Ntczmtom
1160 174 1416 197 ANTfflRnli'rlct's
1443 174 1492 196 111.

364 228 622 277 expiationibus
645 235 673 261 et
698 226 859 270 ieiuniis,
881 228 923 263 de
943 230 1068 277 vigiliis
1090 239 1192 279 atquc
1223 230 1373 273 octavis,
1397 239 1431 265 et
1451 243 1538 278 quae
1560 230 1594 264 in
1617 229 1698 277 ipsis
1720 230 1811 265 fiunt
1837 229 2047 265 sollemnita-

364 290 475 331 tibus,
499 289 611 336 deque
640 287 840 323 divinorum
866 291 1113 338 mysteriorum
1140 292 1264 334 1110110,
1287 300 1390 339 atque
1420 291 1546 326 horum
1568 291 1811 339 susceptione,
1834 291 1878 326 de
1903 291 2045 326 salutari

363 351 588 396 baptismate,
611 357 643 383 et
666 350 846 384 nonnullis
868 351 944 385 aliis
964 366 1205 401 quaecumque
1234 366 1348 387 sacrae
1377 352 1585 400 disciplinae
1609 351 1695 386 ordo
1717 352 1895 400 postulat?
1924 352 2046 387 Mitta-

363 424 439 444 mus
466 423 564 444 nunc
593 409 709 444 dicere
739 410 781 444 de
809 411 958 455 litaniis,
981 421 1014 447 et
1042 413 1353 461 supplicationibus
1375 413 1416 447 ad
1439 413 1580 447 definita
1608 412 1682 447 lova
1707 412 1870 448 deductis
1895 415 1967 461 (1),
1989 413 2043 447 x'cl

363 469 621 517 quomodolibet
647 470 753 516 actis,
775 485 863 519 quae
884 472 998 507 omnia
1021 488 1060 508 cx
1083 488 1153 508 11011
1176 474 1304 521 scripta
1326 482 1359 508 et
1382 473 1578 522 antiquitus
1603 472 1644 507 ad
1669 486 1730 507 nos
1758 473 1868 507 delata
1897 487 2044 508 consue-

363 530 492 564 tudinis·
519 531 718 580 accepimus
747 533 948 576 traditione,
970 548 1129 582 quaeque
1152 535 1382 570 nibilominus
1407 535 1443 569 in
1469 536 1602 569 bonore
1625 534 1794 568 babemus
1818 543 1851 569 ct
1873 534 2039 577 colimus,

361 605 587 634 veneramur,
611 606 650 627 ac
678 593 894 636 retinemus,
920 594 1009 628 baud
1037 609 1139 630 secus
1167 610 1274 643 quam
1303 596 1359 630 illa
1388 595 1530 644 scriptis
1560 594 1716 640 sancita3
1740 594 1819 642 qula
1847 603 1920 629 tuta
1949 603 2042 630 utro-

361 665 506 700 rumque
531 652 621 688 rati0
646 653 689 687 ab
715 648 902 701 apostolico
931 654 1034 689 nobis
1062 655 1259 702 magisterio
1286 657 1444 692 manavit.

465 714 496 748 8.
525 712 624 758 Quin
653 715 701 761 (2)
730 714 814 749 adeo
842 714 933 762 leges
961 729 1102 764 quoquc
1130 717 1257 764 scripto
1287 717 1414 759 editas,
1438 717 1549 751 nihilo
1579 724 1695 751 tamen
1724 715 1843 751 minus
1864 714 2042 762 neglectas

360 773 535 817 ridemus,
558 783 741 822 propterca
769 776 863 823 quod
894 776 1029 810 traditio
1060 785 1094 811 et
1122 778 1340 812 consuetudo
1370 777 1505 825 divi—rsa
1534 777 1653 824 vigeat.
1685 776 1815 811 Omnia
1840 776 1933 811 enim
1963 790 2042 811 con-

361 834 508 869 suetudo
532 836 736 878 confirmat,
758 836 841 883 quia
863 850 952 885 opus
973 837 1148 884 potentius
1171 851 1330 873 sermone
1354 847 1415 873 est.
1445 838 1543 884 Quid
1567 838 1658 872 aliud
1683 837 1776 872 enim
1801 845 1849 872 est
1874 837 1948 879 lex,
1970 837 2040 872 nisi

361 895 489 943 scripta
512 896 754 932 consuetudo?
777 896 883 931 sicuti
904 897 1054 932 vicissim
1082 899 1319 942 consuetudo,
1341 908 1390 934 est
1410 900 1466 935 lex
1488 914 1559 935 non
1584 900 1722 948 scripta.
1752 898 1828 934 Hoc
1856 898 1957 933 facile
1988 912 2042 933 ex-

362 964 414 990 tra
442 970 494 990 res
522 970 632 991 sacras
660 971 798 1005 quoque
825 957 946 992 videre
975 967 1034 993 est.
1062 958 1225 1008 Namque
1255 968 1289 994 et
1317 961 1552 1007 grammatici,
1576 961 1603 994 si
1627 959 1774 1008 quando
1804 958 1934 994 accidit
1962 966 2000 993 ut
2021 972 2041 992 a

360 1016 562 1051 dominante
592 1017 705 1063 regula
732 1017 942 1052 vocabulum
971 1018 1111 1066 aliquod
1141 1019 1179 1053 in
1207 1020 1296 1054 libro
1325 1020 1458 1063 deviet,
1486 1029 1518 1055 et
1545 1020 1646 1055 aliter
1675 1020 1874 1056 secundum
1902 1032 2045 1067 praeva-

358 1076 492 1111 lentem
519 1077 815 1111 consuetudinem
843 1078 1036 1121 scribatur,
1058 1079 1285 1114 traditionem
1314 1089 1482 1115 excusant
1512 1089 1689 1129 tamquam
1712 1080 1867 1127 regulam
1889 1079 2039 1126 regulae.

360 1137 456 1183 Quid
481 1152 560 1184 ergo
589 1137 741 1172 obiicent
770 1138 923 1175 dicenti:
945 1146 967 1160 ‘⁴
994 1153 1055 1186 ego
1081 1140 1201 1188 accepi
1221 1154 1239 1174 a
1259 1139 1418 1176 Domino
1448 1141 1544 1189 quod
1569 1150 1601 1175 et
1624 1141 1748 1176 tradidi
1771 1141 1891 1176 vobis?
1915 1169 1937 1183 ,‚
1963 1136 2040 1175 Cui·

359 1212 431 1232 non
461 1206 710 1241 contemnent,
733 1198 774 1232 ad
799 1199 967 1246 evangelii
995 1200 1177 1243 alumnos,
1203 1201 1239 1235 id
1268 1210 1319 1236 est
1343 1202 1546 1237 Corinthios
1573 1203 1611 1245 ³⁴²,
1632 1202 1862 1237 scribentem:
1886 1208 1909 1221 “
1938 1200 2041 1234 laudo

361 1287 383 1301 „
412 1273 491 1300 vos,
515 1260 661 1301 fratres,
688 1259 768 1307 quia
797 1268 926 1295 cuncta
954 1274 1028 1295 mea
1058 1261 1314 1309 recordamini3
1342 1271 1376 1297 et
1404 1263 1497 1298 sicut
1526 1262 1655 1297 tradidi
1681 1262 1800 1305 vobis,
1833 1261 2040 1296 traditiones

410 1319 576 1354 retinetis.
605 1348 627 1366 7,
653 1319 710 1354 Ad
739 1319 1069 1356 Thessalonicenses
1097 1323 1115 1342 *
1143 1331 1280 1359 autem:
1305 1329 1328 1344 ‘³
1357 1324 1498 1372 itaque,
1523 1324 1669 1366 fratres,
1695 1331 1806 1366 state,
1828 1331 1862 1357 et
1890 1322 2043 1357 retinete

360 1409 382 1422 .,
413 1381 637 1424 traditiones,
658 1395 743 1430 quas
767 1381 882 1417 edocti
905 1382 1020 1417 fuistis
1043 1383 1113 1418 sive
1134 1398 1196 1432 per
1217 1398 1416 1420 sermonem
1437 1385 1507 1420 sive
1528 1400 1590 1433 per
1613 1385 1796 1433 epistolam
1822 1393 1991 1419 nostram.
2016 1412 2040 1426 „

356 1441 553 1489 Explicabit
573 1450 687 1477 autem
710 1444 794 1478 baec
814 1443 966 1478 lucidius
981 1473 988 1487 ,
1011 1445 1123 1491 regiae
1146 1445 1243 1480 urbis
1266 1446 1421 1494 pontifex
1445 1446 1642 1495 mundique
1665 1446 1835 1481 luminare
1857 1445 2041 1493 splenden-

357 1502 552 1546 tissimum,
575 1517 723 1550 magnus
748 1504 922 1539 Iohannes
945 1505 1087 1541 diceus:
1110 1511 1133 1526 ‘²
1159 1507 1247 1541 cur?
1270 1507 1353 1554 quia
1373 1521 1445 1542 11011
1468 1506 1584 1541 omnia
1606 1520 1665 1554 per
1687 1505 1864 1554 epistolam
1893 1505 2041 1540 tradide-

359 1591 382 1606 „
409 1572 493 1598 runt
520 1564 684 1611 apostoli,
707 1564 766 1599 sed
795 1565 970 1613 quaedam
997 1566 1103 1600 etiam
1125 1566 1201 1601 sine
1223 1567 1367 1615 scripto.
1398 1566 1471 1602 Sed
1493 1576 1526 1602 et
1547 1568 1632 1602 baec
1655 1576 1687 1602 et
1708 1567 1763 1602 illa
1790 1580 1907 1615 parem
1932 1566 2041 1601 fidem

359 1653 381 1667 „
410 1633 599 1660 merentur.
629 1624 868 1671 Quamobrem
897 1626 1062 1661 ecclesiae
1092 1641 1231 1675 quoque
1259 1628 1504 1671 traditionem,
1525 1629 1662 1676 inquit,
1688 1628 1756 1663 fide
1785 1628 1925 1675 dignam
1953 1627 2042 1662 iudi-

355 1698 482 1720 camus.
511 1685 667 1720 Traditio
689 1686 764 1722 est?
793 1685 889 1721 Nitnt
916 1687 1064 1735 amplius
1092 1701 1239 1736 quaeras
1266 1690 1328 1736 (3).
1357 1717 1379 1731 „
1407 1689 1470 1724 His
1497 1689 1623 1724 similia
1650 1689 1751 1723 divus
1780 1701 1922 1736 quoque
1949 1686 2042 1722 Basi-

353 1745 422 1780 lius
449 1760 545 1780 sacro
570 1746 815 1794 Amphilochio
845 1747 984 1790 scribit,
1008 1749 1070 1783 ubi
1097 1749 1144 1783 ait
1167 1750 1238 1797 (4);
1262 1756 1285 1770 “
1310 1750 1512 1797 dogmatum
1540 1750 1575 1784 in
1607 1749 1753 1784 ecclesia
1781 1748 2042 1783 custoditorum

357 1834 378 1848 ‚,
408 1820 446 1841 ac
474 1807 734 1849 doctrinarum,
757 1817 891 1855 partem
920 1809 1065 1856 quidem
1093 1823 1111 1844 a
1141 1810 1271 1858 scripto
1296 1810 1495 1857 magisterio
1524 1810 1711 1852 habemus,
1734 1818 1867 1857 partem
1894 1823 1972 1843 vero
1998 1823 2039 1843 ex

356 1895 377 1909 „
407 1868 639 1915 apostolorum
667 1869 849 1903 traditione
878 1869 919 1903 ad
950 1884 1013 1904 nos
1043 1871 1244 1905 transmissa
1267 1870 1302 1904 in
1324 1871 1492 1919 mysterio
1521 1870 1734 1919 excepimus
1764 1869 1864 1916 Quae
1892 1878 2038 1917 utraque

355 1955 377 1969 „
406 1928 561 1963 eamdem
588 1929 656 1963 11111
684 1930 719 1964 in
749 1930 919 1977 religione
948 1931 1088 1965 liabent.
1116 1931 1235 1979 Atque
1264 1932 1318 1965 his
1346 1945 1451 1967 nemo
1481 1931 1722 1976 contradicet3
1750 1944 1843 1973 non,
1871 1930 2037 1977 inquam,

355 2017 376 2031 „
406 1989 539 2024 etiarnsi
567 1991 733 2026 eeclesiae
762 1991 854 2038 leges
886 2000 1022 2026 tantum
1051 2006 1068 2026 a
1096 1992 1219 2027 limine
1248 1992 1460 2027 salutaverit.
1489 1992 1580 2027 Nam
1607 1992 1634 2026 si
1662 1993 1748 2026 forte
1777 1991 1933 2026 ausimus
1962 2004 2038 2025 non

355 2078 377 2091 ‚,
407 2051 550 2099 scriptas
574 2052 850 2087 consuetudines
873 2067 937 2087 ceu
958 2053 1069 2088 levem
1089 2053 1157 2087 vim
1178 2053 1382 2088 obtinentes
1404 2068 1565 2089 recusare
1579 2082 1587 2097 ,
1610 2053 1850 2101 imprudentes
1871 2051 2037 2099 evangelii

355 2138 377 2151 .,
407 2110 510 2158 ipsius
538 2125 709 2147 summam
738 2127 876 2160 pessum
904 2113 1085 2159 dabimus3
1110 2113 1216 2148 immo
1243 2128 1322 2148 vero
1354 2114 1397 2149 ad
1428 2114 1568 2149 nudum
1595 2127 1725 2148 nomen
1753 2113 1956 2148 universam
1979 2112 2039 2146 110-

356 2198 378 2209 t,
406 2171 552 2206 ctrinarn
573 2172 784 2220 1·.edigemus
811 2173 838 2208 l
844 2182 856 2208 t
880 2173 1077 2209 cuiusmodi
1100 2175 1183 2209 haec
1207 2175 1296 2218 sint,
1319 2175 1379 2223 qui
1404 2175 1626 2223 experiegtui
1650 2183 1767 2223 aperte
1792 2182 2021 2221 cognoscetw

355 2231 522 2266 Siniilitel
550 2233 649 2268 divus
678 2248 819 2283 quoque
842 2234 1059 2283 Lpiphanius
1088 2236 1131 2270 de
1162 2236 1338 2271 oblatione
1364 2251 1426 2284 pto
1454 2237 1604 2271 mortuis
1629 2236 1824 2278 disseiQens
1846 2235 1908 2269 ait:
1932 2241 1954 2256 “
1978 2248 2040 2270 ne-

358 2320 380 2334 „
411 2293 557 2327 cessatio
583 2294 725 2329 ecclesia
748 2296 813 2331 hoc
834 2296 937 2339 facit,
961 2296 1148 2331 tiaditi0ne
1170 2312 1187 2332 a
1210 2298 1368 2346 panibus
1389 2306 1539 2345 accepta.
1563 2297 1656 2343 Quis
1677 2305 1795 2332 autem
1816 2296 1947 2344 poterit
1970 2309 2039 2330 ma-

407 2354 470 2388 tris
493 2355 721 2390 constitutum
741 2356 879 2392 abolere
895 2386 902 2400 ,
925 2366 982 2392 aut
1004 2358 1107 2406 patris
1129 2358 1265 2405 legem?
1290 2367 1330 2393 ut
1353 2358 1443 2406 apud
1467 2358 1694 2393 Salomonem
1717 2357 1851 2393 dicitur
1872 2358 1909 2392 *ἢ
1932 2357 2012 2391 audi
2028 2385 2035 2398 ,

358 2443 379 2455 .,
409 2415 478 2458 fili,
499 2416 600 2450 verba
629 2417 733 2464 patris
757 2417 830 2461 tui,
853 2427 886 2453 et
907 2433 952 2454 ne
976 2419 1122 2468 repellas
1146 2420 1306 2455 mandata
1336 2420 1453 2455 matris
1482 2429 1574 2455 tuae.
1600 2419 1673 2454 [bi
1702 2418 1921 2453 demonstrat
1950 2418 2038 2452 scili-

357 2504 379 2518 .,
410 2484 485 2519 cet,
507 2485 584 2511 tum
612 2478 740 2526 scripto
762 2487 837 2514 tum
860 2480 931 2515 sinc
955 2481 1084 2529 scripto
1106 2481 1267 2516 docuisse
1294 2490 1427 2529 patrem
1452 2481 1486 2515 id
1516 2489 1567 2515 est
1588 2479 1727 2522 Deum,
1751 2487 1783 2513 et
1803 2478 2037 2524 Unigenitum

356 2565 379 2579 ‚,
409 2545 443 2571 et
469 2546 632 2572 sanctum
661 2536 855 2586 Spiritum,
882 2549 1030 2576 matrem
1057 2555 1138 2576 vero
1166 2551 1320 2576 nostram
1347 2541 1531 2577 ecclesiam
1559 2541 1685 2575 babere
1714 2539 1751 2574 in
1780 2553 1814 2574 se
1841 2539 2037 2574 reconditas

355 2625 377 2640 ,‚
405 2597 518 2644 leges,
544 2611 629 2646 quas
654 2598 779 2633 violare
803 2601 898 2634 nefas
926 2602 986 2645 (5).
1019 2630 1039 2644 ‚,

430 2673 465 2702 (t)
486 2672 559 2698 Haec
578 2679 686 2706 quoque
705 2671 922 2700 animadvertant
942 2674 997 2707 illi,
1017 2675 1063 2709 qui
1084 2675 1142 2710 pias
1162 2675 1319 2702 lniiusmodi
1340 2675 1539 2702 catholicorum
1560 2682 1656 2710 praxes
1676 2673 1791 2709 pedibus
1810 2673 1935 2700 trahunt.

431 2718 465 2746 (2)
485 2715 634 2749 Sequentes
652 2723 743 2742 versus
762 2720 864 2750 septem
884 2717 949 2744 editi
968 2719 1095 2746 extabant
1116 2719 1199 2746 latine
1218 2727 1249 2746 ex
1268 2720 1403 2746 Turriano
1424 2718 1497 2753 apud
1518 2719 1659 2745 Canisium
1681 2722 1746 2744 tom.
1768 2718 1814 2744 eit.
1835 2726 1862 2752 p.
1886 2722 1926 2744 18.

430 2762 465 2790 (ὃ)
486 2759 602 2786 Protulit
621 2759 694 2786 hunc
713 2760 899 2795 Chrysostomi
920 2761 1008 2788 locum
1029 2763 1199 2798 Nicepliorus
1218 2764 1300 2790 etiam
1321 2764 1349 2790 in
1369 2763 1441 2798 apol.
1465 2763 1566 2790 maiore
1587 2763 1658 2789 eirea
1681 2762 1761 2789 finem
1783 2763 1810 2789 in
1831 2761 2005 2788 testimoniis.

431 2807 466 2835 (4)
486 2804 588 2838 Nempe
606 2811 665 2838 cap.
686 2805 803 2830 xxvll.
825 2804 887 2831 libri
907 2805 940 2831 de
959 2807 1060 2841 Spiritu
1080 2812 1190 2839 sancto,
1211 2816 1292 2843 quem
1314 2808 1434 2835 Basilius
1453 2807 1562 2842 scripsit
1580 2806 1615 2834 ad
1634 2807 1870 2842 Amphilochium.

432 2852 465 2881 (5)
486 2850 564 2876 Extat
583 2849 627 2876 hic
645 2849 721 2876 locus
740 2849 769 2876 in
789 2849 892 2878 haeresi
912 2850 1108 2885 Aeriauorum,
1129 2852 1157 2879 id
1178 2857 1217 2880 est
1238 2853 1294 2879 LV.
1312 2861 1370 2888 cap.
1393 2856 1418 2879 3.
1440 2852 1491 2880 Sed
1512 2852 1588 2880 valde
1609 2853 1693 2880 miror
1710 2852 1740 2879 in
1759 2851 1879 2880 editione
1898 2851 2036 2887 lipsiensi,
