2203 3331
200 2278 236 2297 m.
257 2283 271 2303 1¹
296 2279 325 2297 12.

382 139 427 171 25·
940 147 968 171 S.
994 148 1166 172 mesenum
1193 149 1447 174 ,xa‘rinmxrfficcs
1473 151 1498 174 Ι.

382 203 433 237 1113
452 231 459 245 ,
490 215 578 250 quae
612 209 893 248 repraesentant,
922 203 1071 238 retinere
1106 213 1266 239 naturam
1293 213 1396 253 atque
1429 206 1670 243 substantiam.
1699 207 1864 243 Attamen
1893 209 1955 257 qui
1982 210 2056 245 fieri

379 271 491 311 potest
516 270 555 296 ut
577 262 687 307 imago
714 262 852 297 dicatur
880 263 931 297 vel
959 264 1204 307 simulacrum,
1226 265 1292 300 nisi
1319 266 1489 300 diversam
1516 267 1640 301 habeat
1662 282 1679 302 a
1700 277 1880 318 prototypo
1908 284 1970 305 suo
1996 285 2055 306 na—

382 333 493 358 turam
503 323 518 357 ἶ)
546 322 601 355 Ab
622 322 719 357 omni
742 323 846 369 igitur
866 325 1007 359 veritate
1036 326 1229 372 seiungitur
1250 326 1304 361 1110
1328 326 1626 374 531110111155111105,
1649 337 1752 377 atque
1773 344 1791 364 a
1813 342 1933 364 rerum
1954 330 2054 366 intel-

379 383 521 430 ligentia
549 383 748 430 longissime
776 384 882 420 abest.
910 384 965 419 En
994 385 1088 421 aliud
1118 387 1261 435 insuper
1290 387 1383 436 quod
1411 401 1429 421 a
1456 387 1556 422 nobis
1586 388 1669 422 huie
1698 388 1769 424 diei
1797 404 1947 438 aequum
1980 400 2053 427 est:

377 457 503 491 nempe
526 443 660 486 1105015,
676 458 694 478 o
718 444 882 479 columen
904 446 1186 494 philosophorum
1199 475 1206 489 ,
1224 455 1254 482 te
1279 448 1418 482 tuismet
1435 448 1646 495 argumentis
1669 448 1818 485 inretiri:
1837 451 1919 498 quia
1937 451 2051 494 enim,

377 513 416 540 ut
437 513 475 539 tu
496 504 567 547 ais,
592 505 926 541 consubstantialem
950 506 1134 554 imaginem
1156 522 1229 542 esse
1253 517 1435 556 prototypo
1456 517 1613 556 oportetg
1636 508 1825 556 imaginem
1844 520 1961 546 autem
1987 512 2052 546 cir-

377 565 629 613 cumscriptam
655 580 725 600 esse
751 575 788 601 tu
813 581 953 615 quoque
977 569 1150 603 concedes
1175 571 1307 617 (neque
1332 569 1518 617 quisquam
1541 569 1625 604 adeo
1651 569 1822 613 insaniet,
1843 579 1883 605 ut
1903 572 1969 606 hoc
1993 587 2052 607 ne·

377 628 452 674 get)
483 627 644 674 sequitur
672 635 711 662 ut
738 636 961 676 prototypum
989 643 1145 677 quoque,
1170 638 1288 678 utpote
1318 630 1637 673 consubstantiale,
1664 630 1970 678 circumscriptum
1996 633 2049 669 sit.

376 687 468 722 Nam
495 688 804 723 consubstantialia
833 688 971 723 differre
1000 689 1092 723 inter
1121 704 1175 732 50,
1203 690 1296 738 quod
1325 691 1367 724 ad
1396 691 1626 725 substantiam
1656 691 1808 734 adtinet,
1836 705 1973 739 prorsus
2001 701 2050 727 est

378 748 607 795 impossibile:
628 748 912 795 quandoquidem
935 757 971 783 tu
994 764 1136 798 quoque
1165 750 1467 798 circumscriptum
1490 760 1522 786 et
1545 751 1889 799 11101101111150111110111
1912 752 1947 785 111
1970 752 2050 787 sub-

375 809 518 843 stantiae
547 808 682 843 ratione
710 809 982 856 comprehendis.
1013 809 1051 843 Si
1079 824 1158 857 ergo
1187 811 1278 859 apud
1304 820 1333 845 te
1356 811 1479 858 dogma
1507 812 1661 854 steterit,
1683 812 1844 846 maehina
1872 820 1929 847 tua
1959 812 2050 847 disii-

377 869 487 911 citur,
517 877 548 903 et
577 877 780 915 argumenta
811 877 1018 904 sternuntur
1050 870 1199 904 veritatis
1232 871 1365 914 funda,
1395 872 1566 920 armisqm¹
1595 873 1668 907 aliis
1697 873 1807 907 valide
1842 881 2047 921 expugnata.

376 929 508 977 Reapse
537 929 659 963 talium
687 929 926 975 magistrorum
953 929 1082 964 similes
1111 944 1181 965 esse
1210 932 1364 978 oportuit
1392 941 1522 967 exortos
1550 947 1647 967 nune
1672 932 1878 980 discipulos!
1907 932 2047 967 Talium

377 999 460 1025 sunt
483 991 628 1038 inquam
651 1003 810 1024 arvorum
834 991 989 1034 fruetus,
1013 1005 1054 1025 ex
1077 991 1171 1025 malis
1196 992 1357 1040 pessimi,
1384 1007 1424 1026 ex
1448 993 1607 1040 turpibus
1634 993 1834 1041 turpissimi,

484 1065 537 1100 ¹7·
565 1050 692 1085 Adhuc
717 1050 754 1084 111
781 1051 899 1085 eadem
926 1060 1067 1094 mente,
1089 1052 1143 1085 vel
1166 1060 1205 1086 ut
1229 1052 1344 1086 verius
1368 1052 1501 1095 dicam,
1523 1054 1673 1087 amentia
1696 1068 1919 1101 perseverans
1941 1053 2045 1090 dicit:

379 1119 426 1158 0³9
457 1119 495 1145 ut
518 1119 631 1145 totum
651 1120 826 1157 servetur3
849 1112 975 1159 alioqui
996 1126 1039 1146 ne
1064 1112 1174 1159 imago
1195 1112 1349 1160 quidem.
1379 1121 1426 1159 025>
1454 1113 1495 1147 Id
1517 1127 1655 1161 quoque
1679 1114 1720 1148 ab
1741 1114 1875 1148 insania
1899 1115 1971 1149 eius
1993 1124 2045 1150 est

373 1179 474 1219 atque.
503 1172 717 1219 stupiditate.
746 1172 836 1206 Nam
864 1173 924 1220 qui
952 1186 1071 1207 sanam
1096 1182 1129 1208 et
1154 1173 1324 1220 integram
1348 1181 1501 1207 mentem
1528 1173 1679 1215 habent,
1702 1182 1734 1208 et
1755 1173 1921 1222 loquendi
1945 1176 2045 1210 recti-

374 1231 531 1266 tudinem
558 1231 732 1268 retinent.
756 1233 968 1267 eontrarium
991 1233 1109 1281 potius
1134 1233 1276 1275 dicent,
1299 1233 1392 1282 quod
1417 1233 1446 1267 si
1471 1242 1583 1268 totum
1604 1247 1729 1281 nempe
1755 1242 1931 1276 servatur,
1953 1234 2044 1269 haud

376 1293 441 1326 iam
464 1292 575 1340 imago
605 1302 676 1335 est,
704 1293 763 1328 sed
791 1293 876 1328 illud
902 1294 1016 1342 ipsum
1043 1294 1136 1342 quod
1164 1295 1352 1341 figuratur:
1377 1308 1528 1343 namque
1556 1295 1642 1329 haee
1672 1294 1788 1342 speeie
1813 1303 1949 1329 tantum
1973 1309 2043 1330 una

373 1352 561 1401 eademque
583 1367 638 1387 res
657 1353 841 1396 ridentur,
864 1368 936 1389 11011
965 1355 1142 1389 subiecto:
1162 1354 1348 1389 Mamonas
1375 1363 1493 1389 autem
1517 1354 1644 1397 eredit,
1666 1354 1734 1388 nisi
1754 1355 1866 1402 imago
1893 1355 2043 1390 animata

373 1413 416 1447 sit
443 1422 475 1448 et
502 1414 640 1462 propriO
668 1423 764 1450 motu
793 1415 968 1463 praedita,
997 1423 1029 1449 et
1057 1415 1173 1450 omnia
1201 1415 1382 1463 archetypi
1409 1415 1582 1450 adtributa
1610 1415 1754 1458 habeat,
1782 1429 1826 1450 ne
1855 1415 2042 1462 imaginem

372 1474 515 1522 quidem
543 1489 640 1523 posse
669 1475 749 1510 dici.
779 1475 884 1521 Quod
906 1476 934 1510 si
954 1477 1039 1510 haec
1068 1490 1139 1511 11011
1161 1485 1241 1511 511111
1270 1476 1428 1523 imaginis
1456 1476 1612 1524 propria,
1636 1476 1749 1510 omnis
1776 1476 1859 1510 ratio
1884 1476 2041 1523 imaginis

371 1534 420 1568 illi
443 1535 542 1582 perit.
571 1534 667 1581 Quid
694 1550 772 1583 ergo
793 1537 877 1571 hinc
900 1537 1082 1584 sequitui-i*
1107 1551 1230 1584 nempe
1253 1545 1291 1572 ut
1312 1551 1383 1572 una
1405 1537 1591 1585 eademque
1617 1551 1693 1579 res,
1716 1545 1748 1571 et
1771 1551 1842 1571 una
1871 1537 1973 1571 simul
1998 1537 2040 1571 sit

373 1603 406 1629 et
425 1595 536 1632 duae:
558 1597 662 1631 innuo
684 1606 722 1632 ut
744 1607 865 1633 mutuo
888 1598 1053 1644 imagines
1075 1598 1143 1632 sint
1166 1607 1200 1632 et
1220 1598 1423 1646 archetypa,
1448 1606 1479 1632 ct
1502 1599 1565 1632 hoe
1589 1598 1636 1632 illi
1650 1626 1657 1640 ,
1680 1597 1767 1632 111011
1787 1597 1870 1632 11010
1890 1597 2040 1632 vicissim

372 1655 481 1690 simile
508 1657 558 1692 sit.
584 1656 713 1700 Aliter,
737 1659 883 1706 exempli
907 1673 1032 1701 031153,
1057 1667 1162 1707 atque
1190 1659 1226 1693 in
1255 1659 1392 1694 homine
1417 1660 1602 1701 usuvenit,
1628 1658 1687 1693 cui
1711 1659 1821 1705 imago
1845 1658 1978 1692 dieitur
2000 1658 2041 1692 si-

369 1716 481 1759 milis,
504 1731 578 1752 non
602 1718 702 1753 homo
732 1719 884 1766 imagini.
910 1719 1056 1767 Alioqui
1085 1719 1351 1754 convertibilem
1380 1720 1547 1754 haberent
1571 1718 1894 1754 denominationem
1923 1732 2039 1764 suamg

370 1776 415 1811 ita
436 1785 476 1812 ut
503 1792 611 1826 aeque
636 1778 954 1827 indifferenterque
984 1780 1084 1814 homo
1109 1779 1212 1814 etiam
1240 1780 1419 1827 imaginis,
1443 1789 1475 1814 et
1502 1793 1572 1814 non
1598 1788 1731 1813 tantum
1757 1779 1867 1825 imago
1892 1778 2038 1813 hominis

369 1837 567 1875 diceretur:
588 1849 692 1889 atque
719 1841 766 1875 ita
788 1841 1005 1875 dubitaretur
1029 1849 1146 1875 utrum
1175 1841 1290 1875 utrius
1315 1841 1411 1887 origo
1437 1849 1527 1874 esset
1550 1849 1582 1875 et
1606 1840 1827 1874 antecedens.
1855 1839 1949 1874 llaec
1977 1840 2039 1874 sci-

368 1897 450 1933 lieet
470 1899 656 1935 Mamonae
678 1914 826 1936 acumen
847 1901 1036 1937 declarant.
1057 1900 1189 1935 Nonne
1213 1901 1304 1935 enim
1324 1900 1432 1935 sutilis
1454 1909 1487 1935 et
1507 1900 1674 1934 alienatae
1697 1899 1820 1934 mentis
1841 1900 1926 1934 11300
1948 1913 2038 1934 00111-

367 1968 482 1994 menta
508 1962 615 1997 sunt?
638 1961 782 1997 Adeone
804 1962 860 1997 hic
881 1962 1016 1997 inscius
1040 1970 1181 1996 naturae
1208 1975 1327 1996 rerum
1349 1970 1421 2004 est,
1448 1969 1481 1995 et
1505 1976 1523 1996 a
1546 1960 1687 1995 veritate
1711 1960 1832 2008 procul
1856 1961 2036 1995 semotus?

367 2018 573 2056 Periculum
599 2031 669 2065 est,
696 2032 736 2058 ut
759 2024 843 2058 haee
872 2023 978 2058 nihilo
1005 2023 1146 2057 meliora
1174 2023 1262 2065 sint,
1289 2036 1392 2071 quam
1420 2037 1507 2070 quae
1537 2022 1573 2056 in
1602 2021 1782 2069 gynaeceis
1810 2035 1828 2055 a
1854 2021 2035 2056 bibaeibus

367 2082 492 2117 vetulis
518 2084 606 2118 inter
628 2084 748 2131 longas
775 2084 1068 2120 confabulationes
1092 2084 1237 2118 naeniae
1264 2092 1451 2119 canuntur.

474 2146 525 2181 18.
556 2145 686 2180 Nullus
713 2146 827 2194 itaque
849 2146 933 2181 huie
955 2146 1048 2180 inest
1069 2154 1187 2180 rectae
1215 2145 1392 2192 religionis
1417 2145 1590 2192 igniculus
1606 2173 1613 2187 ,
1636 2160 1752 2194 neque
1774 2144 1904 2191 logicae
1925 2144 2036 2179 scien-

365 2204 432 2239 tiae
460 2206 511 2240 vel
538 2207 720 2243 tantillum.
750 2207 857 2242 Unde
888 2207 981 2242 enim
1011 2207 1040 2241 ei
1070 2221 1169 2242 eausa
1198 2215 1229 2241 01
1258 2215 1458 2249 causatum,
1480 2207 1533 2242 vel
1558 2207 1724 2241 similium
1750 2215 1871 2241 mutua
1901 2219 2035 2253 compa-

366 2265 451 2299 ratio
480 2268 676 2303 constabit?
700 2268 752 2303 vel
776 2268 990 2316 participans
1016 2276 1049 2302 et
1073 2268 1335 2315 participatum,
1356 2267 1408 2302 vel
1431 2268 1608 2302 diversitas
1634 2277 1665 2302 et
1689 2267 1884 2302 differentia
1908 2266 2033 2301 diiudi-

367 2326 531 2361 cabitur?
558 2342 644 2375 quae
673 2328 816 2376 quidem
845 2328 881 2363 in
910 2329 1093 2377 archetypo
1122 2337 1155 2362 et
1185 2329 1332 2375 imagine
1361 2329 1566 2363 naturaliter
1596 2328 1882 2376 conspiciuntur,
1910 2327 2034 2374 partim

365 2386 572 2421 relationem
599 2388 739 2422 illorum
765 2397 797 2423 et
820 2388 1046 2436 qualitatem,
1070 2388 1195 2436 partim
1222 2389 1368 2423 subiecti
1394 2389 1626 2425 diversitatem
1650 2388 1746 2422 nobis
1774 2386 2033 2422 describentia?

364 2446 431 2482 Hie
466 2456 582 2482 autem
613 2448 704 2483 idem
736 2458 841 2498 atque
873 2449 1079 2485 indifferens
1113 2449 1150 2483 iu
1185 2458 1331 2497 utroque
1365 2463 1498 2498 ponens
1528 2449 1677 2497 (quippe
1708 2462 1762 2483 res
1795 2447 2031 2482 considerandi

364 2509 527 2556 ignarus)
555 2517 661 2544 totam
681 2509 839 2556 imaginis
860 2510 1030 2545 rationem
1056 2510 1215 2553 sustulit,
1239 2510 1332 2559 quod
1355 2524 1494 2558 prorsus
1522 2510 1596 2544 fieri
1618 2509 1751 2557 nequit.
1781 2508 1841 2544 Sic
1864 2509 1957 2544 enim
1981 2523 2031 2543 re-

362 2582 443 2604 rum
470 2583 611 2618 quoque
640 2578 765 2604 natura
793 2571 834 2605 311
864 2585 902 2605 eo
926 2570 1130 2605 aboleretur.
1161 2570 1232 2606 Sed
1260 2571 1327 2606 iam
1355 2570 1439 2605 mihi
1462 2570 1581 2604 videor
1609 2570 1645 2604 in
1672 2570 1793 2604 eadem
1816 2584 1854 2604 ae
1878 2569 1950 2618 ipse
1979 2570 2031 2604 in-

364 2629 463 2664 scitia
490 2630 640 2672 versari,
669 2630 754 2664 dum
783 2644 862 2664 eum
892 2631 1105 2678 reprehendo
1134 2631 1195 2679 qui
1223 2631 1353 2665 nullam
1382 2643 1549 2678 umquam
1574 2644 1691 2664 rerum
1718 2631 1841 2664 harum
1868 2631 2030 2665 notitiam

363 2691 491 2726 habuit.
522 2690 655 2725 Credar
678 2690 772 2724 enim
800 2690 891 2725 idem
913 2693 1025 2726 facere
1040 2720 1048 2735 ,
1069 2706 1108 2727 30
1132 2692 1158 2726 51
1181 2692 1257 2740 quis
1280 2691 1465 2738 agricolam
1490 2699 1549 2725 3111
1573 2691 1726 2725 1131010111
1749 2691 1959 2738 speculativa
1981 2692 2029 2726 di-

363 2751 508 2799 sciplina
527 2751 609 2785 velit
636 2751 831 2785 informare.
861 2750 957 2796 Quid
981 2753 1075 2786 enim
1098 2752 1285 2787 Mamonae
1313 2752 1456 2786 cruento
1485 2751 1632 2799 rudique
1655 2751 1787 2785 homini
1811 2765 1891 2786 cum
1912 2752 2027 2798 logicis

362 2812 585 2848 facultatibus
606 2811 738 2859 negotii
760 2811 825 2846 sit?
848 2810 878 2845 01
902 2826 1025 2860 nempe
1047 2812 1104 2861 qui
1127 2813 1298 2856 humano,
1321 2820 1351 2847 et
1373 2811 1516 2860 quidem
1540 2811 1835 2854 Christianorum„
1859 2813 2026 2860 sanguine
