2203 3331
777 158 838 181 rixo
864 157 991 180 saxeus
1018 156 1216 179 nmmxmrs.
1764 144 1829 177 :251

164 214 434 264 Nain'passioni
457 222 686 249 consectanea
709 222 757 248 est
780 213 944 249 mutatio:
969 212 1031 261 qui
1058 225 1138 246 vcro
1161 219 1336 248 mutatur,
1361 212 1449 247 idem
1473 221 1502 247 et
1527 221 1637 247 status
1659 211 1834 246 diversita-

167 287 239 312 tem
261 275 469 325 experietur.
493 274 679 321 Quomodo
700 283 816 310 autem
835 274 928 309 Deus
941 302 948 316 ‚
967 273 1026 321 qui
1047 272 1202 306 diversus
1222 272 1284 306 fit?
1307 271 1410 316 Quod
1429 273 1454 307 si
1475 273 1589 307 noluit
1608 272 1731 306 salvare
1746 300 1753 314 ,
1771 286 1835 306 eur

168 353 206 373 ex
229 351 300 373 non
323 336 491 371 existente
520 335 707 384 produxit?
731 331 811 370 nam
831 349 918 383 quos
939 334 1063 369 salvare
1091 331 1228 374 noluit,
1252 346 1294 367 ne
1322 333 1518 380 producere
1539 333 1682 382 quidem
1702 333 1834 368 debuit.

167 399 256 434 Nam
279 398 307 432 si
330 397 495 446 producit
516 397 676 446 quidem,
697 396 755 431 sed
777 410 849 430 non
870 396 992 437 salvat,
1012 394 1111 442 quasi
1132 393 1211 428 sacti
1233 393 1448 440 paenitentia
1472 395 1515 428 ila
1538 409 1570 429 se
1593 408 1734 441 gerens,
1756 408 1837 428 con-

168 459 294 494 trarius
324 458 396 507 ipse
426 458 491 493 sibi
518 458 706 494 videbitur.
737 456 922 502 Quomodo
950 456 1006 498 id,
1035 455 1203 503 inquam?
1233 454 1323 488 Nam
1351 454 1377 487 si
1405 455 1622 502 producere,
1650 456 1735 489 boni
1762 470 1839 503 pro-

166 519 284 567 prium
312 528 383 562 est,
406 519 441 554 id
469 520 581 568 ipsum
609 527 642 553 et
670 518 804 553 salvare.
833 517 924 552 Nam
953 529 1178 563 corrumpere
1207 523 1241 549 et
1268 514 1435 562 perdere,
1456 516 1548 550 baud
1570 517 1656 550 boni
1681 517 1838 551 officium

167 589 217 615 cst
246 580 306 615 sed
337 580 426 616 mali.
457 580 685 615 Contrarium
712 587 829 613 autem
855 578 947 612 bono
975 576 1105 611 malum
1133 584 1194 610 est.
1222 575 1332 609 Porro
1359 574 1450 609 circa
1476 590 1583 611 unam
1610 578 1838 626 eamdemque

168 654 262 683 rem,
286 641 476 689 eodemque
500 648 676 675 momento
698 639 871 674 contraria
892 637 996 673 simul
1018 638 1207 672 coexistere
1222 665 1229 679 ,
1252 636 1464 684 impossibile
1487 645 1546 672 est.
1576 636 1761 683 Quomodo
1783 653 1841 673 au—

167 710 237 736 tem
265 702 300 735 in
329 700 405 736 Deo
435 702 511 743 fiet,
535 700 628 748 quod
650 714 694 734 ne
716 700 752 734 in
774 698 944 734 creaturis
966 698 1109 746 quidem
1134 697 1325 745 comperire
1352 697 1427 732 est?
1453 696 1584 731 Multis
1611 698 1705 732 enim
1726 699 1839 747 placet

168 772 378 811 utrumque,
395 771 427 797 et
448 764 560 796 sacere
584 761 722 796 scilicet
742 769 774 810 et
792 774 910 795 curam
931 759 1014 795 sacti
1034 773 1153 807 gerere
1166 787 1174 801 ,
1193 767 1225 793 et
1242 758 1394 792 salvandi
1413 759 1718 808 conservandique
1738 774 1840 795 causa

167 824 285 858 studia
308 832 514 871 expromunt
539 831 573 857 et
596 823 694 857 vires.
717 822 796 857 Nisi
818 823 907 856 sorte
930 821 984 856 his
1007 821 1109 856 etiam
1131 820 1330 855 interiorem
1348 819 1479 854 Filium
1497 819 1630 856 dieunt.
1653 819 1841 866 Quomodo

167 885 308 919 deinum
332 899 431 919 eausa
451 885 622 918 bonorum
645 883 805 926 dicetur,
823 883 850 918 si
871 883 1099 934 prinicipuu-in
1115 882 1305 923 bonorum,
1321 881 1355 915 id
1376 889 1425 915 est
1443 881 1590 922 salvare,
1609 881 1719 916 nolit?
1740 881 1843 916 Prae-

170 954 263 980 terea
291 945 320 979 si
348 959 418 979 11011
446 945 520 980 vult
547 945 697 987 salvare,
719 959 761 979 ne
790 944 955 993 providus
977 944 1115 992 quidem
1139 951 1207 988 estg
1232 956 1311 977 nam
1338 942 1464 990 quibus
1493 942 1708 991 providebit,
1731 943 1756 977 si
1781 943 1842 977 sal-

167 1006 302 1040 vandus
331 1005 444 1041 desit?
471 1005 561 1040 Nam
591 1005 829 1054 providentia,
851 1005 885 1039 in
915 1005 1066 1053 aliquem
1093 1004 1289 1038 necessario
1318 1003 1439 1038 tendit.
1467 1002 1575 1038 Porro
1602 1004 1630 1037 si
1658 1003 1840 1051 providet,

170 1067 292 1101 nolens
316 1067 465 1111 salvare,
488 1068 564 1116 ipsc
585 1068 652 1102 sibi
677 1067 925 1102 adversabitur.
954 1066 1030 1101 Hoc
1052 1074 1172 1101 autem
1191 1065 1393 1107 niliitalimt
1422 1065 1489 1100 erit
1504 1094 1512 1108 ,
1535 1066 1603 1100 nisi
1624 1066 1718 1114 quod
1746 1065 1840 1108 vult,

168 1128 269 1163 nolle.
298 1126 392 1163 Tum
412 1129 479 1163 nisi
499 1129 676 1177 providet,
697 1129 813 1163 bonus
841 1142 914 1163 non
942 1136 1013 1167 est,
1034 1142 1151 1175 neque
1181 1141 1263 1162 cnm
1283 1141 1320 1162 re
1342 1127 1496 1175 qualibet
1517 1142 1578 1162 sua
1603 1128 1841 1163 communica-

170 1189 221 1223 bit
235 1217 243 1231 ,
262 1188 418 1238 adeoque
441 1204 484 1224 ne
508 1203 608 1224 causa
628 1189 772 1238 quidem
792 1202 913 1224 rerum
934 1190 1010 1224 erit.
1035 1188 1182 1223 Sublata
1203 1189 1311 1235 igitur
1332 1189 1546 1237 providentia
1567 1197 1628 1224 est.
1652 1188 1842 1225 Providen-

170 1250 216 1284 tia
242 1264 325 1285 vero
354 1250 506 1293 sublata,
529 1251 703 1299 quomodo
731 1265 785 1286 res
813 1252 985 1285 humanae
1015 1250 1231 1285 consistent?
1259 1249 1304 1284 Et
1332 1250 1359 1284 si
1387 1251 1477 1285 sorte.
1498 1250 1563 1285 alia
1587 1244 1749 1285 creatura
1776 1252 1842 1297 sitg

170 1325 285 1358 neque
308 1325 423 1345 rerum
447 1312 671 1346 existentium
699 1312 806 1354 ordo,
827 1325 940 1360 neque
969 1311 1150 1346 harmonia
1177 1325 1290 1359 neque
1319 1311 1518 1358 symmetria
1546 1311 1709 1357 accedet3
1734 1312 1844 1347 unde—

169 1385 251 1406 nam
277 1386 396 1407 rerum
424 1372 579 1407 ordinata
604 1381 637 1407 et
657 1372 801 1419 analoga
822 1372 994 1407 successio
1008 1401 1015 1415 ,
1039 1372 1255 1420 providentia
1276 1371 1435 1407 sublata?
1464 1371 1653 1418 Quomodo
1675 1373 1767 1420 frugi
1788 1373 1845 1408 ho-

169 1433 283 1467 mines
305 1433 409 1479 gloria
431 1433 683 1477 donabuntur,
705 1434 786 1468 mali
813 1442 929 1468 autem
950 1447 1061 1480 poena
1083 1433 1319 1468 adficientur?
1348 1442 1383 1468 et
1403 1442 1546 1481 peccata
1567 1433 1844 1480 redarguentur,

170 1502 265 1528 reete
289 1494 381 1529 saeta
403 1495 745 1530 commendabuntur
756 1496 770 1530 ἐ’
794 1494 912 1529 Vanae
935 1494 1020 1529 sient
1039 1493 1130 1541 leges
1153 1502 1186 1528 et
1206 1494 1366 1529 divinum
1389 1494 1566 1539 tribunalg
1587 1494 1673 1541 perit
1694 1508 1845 1529 reenum

1737 1522 1754 1541 e·

169 1563 202 1589 et
232 1555 415 1601 gebenna,
437 1555 523 1590 illud
550 1556 674 1595 bonis,
697 1556 783 1590 baec
811 1564 930 1591 autem
957 1555 1055 1590 malis
1083 1563 1218 1603 parata:
1242 1570 1360 1604 neque
1390 1555 1459 1590 iam
1485 1555 1618 1590 bonum
1645 1555 1778 1603 aliquid
1800 1556 1846 1590 vi-

170 1616 311 1650 debitur
339 1630 378 1651 ae
406 1616 632 1659 laudabitur,
654 1631 771 1666 neque
799 1617 928 1652 malum
956 1617 1148 1665 quicquam
1171 1617 1372 1651 censebitur
1401 1625 1461 1651 aut
1488 1616 1725 1652 damnabitur.
1757 1615 1847 1651 Con—

172 1677 260 1711 fusio
291 1677 431 1725 itaque,
455 1686 488 1711 et
508 1677 663 1712 omnium
692 1690 809 1712 rerum
838 1677 976 1713 cinnus.
1006 1676 1110 1723 Quod
1136 1678 1165 1711 si
1185 1677 1304 1711 dicant
1329 1691 1398 1712 esse
1426 1677 1702 1724 providentiam,
1723 1678 1846 1726 utique

170 1738 197 1771 si
227 1733 360 1772 ‘creator
387 1751 458 1771 non
486 1737 666 1785 providet,
691 1751 835 1772 necesse
865 1745 913 1772 est
941 1737 1044 1772 aliam
1074 1736 1212 1772 causam
1240 1739 1313 1772 eius
1340 1738 1575 1785 providentiae
1604 1738 1804 1785 adsignare,
1830 1754 1847 1774 a

170 1812 240 1846 qua
261 1812 316 1833 res
337 1797 562 1846 providenter
582 1797 881 1833 administrentur.
906 1797 1023 1846 Atque
1044 1798 1135 1833 hane
1160 1812 1297 1833 causam
1311 1827 1318 1841 ,
1341 1798 1392 1832 vel
1415 1798 1564 1833 similem
1586 1813 1655 1833 esse
1679 1800 1847 1842 creatori,

171 1859 221 1893 vel
244 1859 466 1896 contrariam.
491 1858 531 1893 Si
551 1859 673 1894 similIs
696 1867 766 1902 est,
789 1859 858 1894 iam
878 1859 985 1894 altera
1006 1873 1078 1893 non
1101 1867 1153 1893 est
1174 1873 1280 1907 opus:
1305 1859 1360 1894 sin
1384 1860 1576 1902 contraria,
1601 1861 1771 1895 eontrarIa
1791 1875 1848 1895 au-

174 1931 240 1956 tem
261 1921 414 1956 invicem
434 1921 614 1969 perimunt
635 1929 668 1955 et
688 1929 904 1969 repugnant,
925 1920 1103 1968 quomodo
1131 1920 1322 1969 quidquam
1345 1921 1379 1955 in
1402 1935 1521 1956 rerum
1541 1930 1663 1957 natura
1683 1922 1847 1957 subsistet

171 1992 233 2017 aut
255 1982 466 2018 salvabitur?
495 1981 594 2028 Quid
616 1984 718 2031 porro
740 1983 825 2017 baec
852 1982 1019 2017 disserent
1038 1996 1057 2016 a
1081 1982 1375 2017 Manichaeorum
1401 1983 1588 2025 atheismo,
1611 1983 1674 2031 qui
1694 1983 1765 2018 duo
1787 1983 1849 2018 iui—

172 2043 225 2090 pie
249 2043 419 2077 invehunt
441 2043 614 2091 principia
624 2044 638 2079 ἰ’
664 2042 771 2088 Quod
792 2043 821 2077 si
842 2042 939 2077 Deus
964 2043 1079 2077 sciens
1100 2051 1132 2076 et
1152 2043 1272 2077 volens
1295 2056 1366 2078 non
1387 2043 1500 2090 potuit
1520 2043 1667 2090 salvareg
1689 2045 1753 2079 hoc
1774 2045 1849 2093 qui-

172 2104 251 2138 dem
274 2104 305 2138 ei
326 2103 455 2138 accidit
476 2104 527 2138 vel
549 2104 771 2152 physicarum
791 2104 916 2140 virium
937 2112 970 2139 et
993 2104 1166 2139 efficaciae
1187 2104 1408 2152 impotentia,
1428 2113 1530 2152 atque
1552 2105 1600 2139 ita
1620 2119 1702 2152 prae
1725 2106 1848 2140 ceteris

175 2165 336 2200 infirmus
360 2165 436 2201 erit.
457 2164 523 2199 Yet
543 2166 584 2200 ab
603 2165 669 2201 alio
691 2180 832 2213 prorsus
853 2166 1078 2214 prohibetur,
1099 2180 1137 2200 ac
1157 2166 1344 2214 tyrannide
1363 2175 1525 2213 urgetur,
1542 2175 1645 2215 atque
1666 2167 1713 2202 ita
1734 2167 1849 2202 minor

173 2226 304 2261 viribus
333 2227 422 2269 erit,
445 2235 479 2261 et
507 2240 587 2262 eum
610 2241 628 2262 a
649 2241 719 2276 quo
749 2227 957 2275 prohibetur
978 2227 1160 2262 fortiorem
1187 2236 1290 2275 atque
1319 2227 1547 2263 illustriorem
1570 2242 1644 2263 esse
1668 2229 1848 2265 constabit.

176 2287 249 2322 Sed
274 2288 366 2322 enim
389 2288 488 2322 illum
509 2289 626 2336 potius
647 2289 802 2323 divinam
820 2288 978 2323 obtinere
998 2289 1212 2323 maiestatem
1236 2290 1481 2332 confiteamur,
1501 2289 1711 2337 blasphemia
1729 2299 1848 2326 autem

176 2349 210 2383 in
240 2357 344 2396 caput
372 2349 526 2383 hostium
557 2348 693 2384 Christi
719 2349 864 2386 recidat.
892 2349 1053 2398 Namque
1082 2349 1285 2397 impotentia
1315 2349 1352 2384 in
1382 2349 1459 2385 Deo
1488 2364 1559 2385 non
1590 2359 1649 2386 est.
1677 2350 1849 2399 Alioquin

175 2424 246 2444 non
275 2424 292 2444 a
321 2409 481 2444 salvando
510 2410 622 2445 solum
649 2410 916 2458 prohibebitur,
939 2410 999 2445 sed
1029 2419 1063 2445 et
1089 2410 1223 2459 reliqua
1246 2409 1321 2445 Deo
1342 2424 1496 2458 congrua
1523 2411 1646 2458 gloria,
1669 2412 1764 2460 quod,
1792 2412 1850 2447 isti

175 2471 280 2519 impie
309 2470 542 2506 contendunt.

281 2532 337 2580 78.
367 2531 468 2577 Quae
496 2531 616 2581 itaque
639 2546 679 2567 ex
702 2532 817 2580 impiis
845 2533 975 2568 borum
996 2532 1213 2568 sermonibus
1243 2541 1531 2581 consequuntur,
1554 2533 1731 2581 nequitiae
1754 2542 1787 2568 et
1809 2534 1850 2568 ir-

173 2591 407 2639 religiositatis
429 2592 549 2641 plena,
568 2593 771 2641 compendio
791 2593 899 2628 veluti
921 2592 1036 2637 dicta,
1052 2594 1137 2628 haee
1160 2601 1263 2640 sunt3
1279 2607 1323 2628 ne
1347 2594 1374 2628 si
1393 2594 1525 2628 diutius
1544 2594 1584 2628 iis
1603 2594 1848 2637 immoremur,

174 2667 235 2687 nos
263 2667 406 2702 quoque
433 2668 516 2689 eum
543 2655 624 2703 ipsis
652 2669 797 2703 peccare
824 2655 1013 2691 videamur.
1042 2654 1140 2690 Haec
1162 2655 1269 2702 igitur
1295 2655 1365 2691 iam
1392 2656 1615 2698 omittentes,
1638 2663 1673 2690 et
1698 2654 1849 2690 vomitus

175 2713 330 2761 ipsorum
356 2715 602 2751 insuavitatem
622 2716 882 2765 molestiamque
903 2717 1167 2760 abominantes,
1188 2716 1230 2751 ad
1251 2730 1413 2752 verorum
1437 2717 1639 2764 dogmatum
1666 2716 1851 2751 rectitudi-

176 2788 256 2809 nem
283 2775 506 2825 veritatisque
527 2777 649 2812 lumen
672 2786 934 2814 convertamur.-
958 2777 1177 2813 Confitemur
1204 2778 1339 2827 itaque,
1362 2786 1395 2813 et
1418 2791 1538 2825 magna
1560 2791 1646 2812 voce
1672 2776 1850 2825 praediea-

179 2849 255 2870 mus
270 2865 278 2879 ,
303 2835 482 2873 Christum
508 2846 627 2887 suapte
655 2847 778 2875 natura
799 2837 919 2874 Deum
940 2847 973 2874 et
993 2838 1062 2874 Dei
1089 2838 1223 2886 filium3
1246 2839 1309 2888 qui
1336 2839 1377 2874 ad
1405 2847 1643 2874 creaturarum
1664 2837 1849 2874 modulum

1731 2906 1744 2919 ἡ

1880 1076 1916 1096 (ir.
1932 1082 1954 1103 p.
1970 1078 2015 1096 12⁸.
