2203 3331
184 220 222 240 tir.
239 225 260 245 p.
277 222 310 240 67.

185 2578 224 2600 Gr.
238 2584 261 2607 p.
277 2582 310 2602 ⁶8.

347 142 394 176 78
903 150 932 174 5.
952 151 1125 176 mcx-:rnom
1150 152 1408 176 asrmmmricrs
1434 153 1471 177 11.

451 204 635 240 Praeterea
656 203 795 253 pictura
815 206 969 254 speciem
991 221 1191 256 corpoream
1211 208 1294 255 picti
1314 216 1573 256 repraesentat,
1596 217 1632 245 et
1652 210 1797 258 figuram
1820 225 1859 247 ac
1884 213 2030 250 sormam

349 267 423 302 eius
446 265 609 313 exprimit
628 279 668 300 ac
689 265 965 304 similitudinem.
996 267 1289 317 Circumscriptio
1310 282 1393 304 vero
1415 269 1503 303 nihil
1525 270 1650 305 horum
1672 285 1856 307 commune
1877 273 2030 317 habens,

346 328 457 363 tribus
486 326 596 361 modis
620 341 658 362 ca
679 341 769 376 quae
796 329 976 372 continet,
998 330 1181 376 terminat3
1204 339 1237 365 et
1266 330 1378 377 imago
1407 331 1549 378 quidem
1577 330 1617 365 ad
1648 331 1755 368 simile
1784 334 1910 377 relata,
1932 334 2029 371 iuxta

343 387 572 434 archetypum
599 396 669 431 est,
691 389 939 439 archetypique
969 390 1080 438 imago
1107 399 1156 425 est
1183 399 1217 426 ct
1245 391 1398 433 dicitur,
1421 400 1455 426 ct
1477 392 1519 426 ab
1543 405 1581 426 co
1603 402 1755 441 separata
1784 403 1855 438 cst,
1878 409 1918 430 ac
1938 409 2029 431 seor-

345 461 422 483 sum
449 447 636 496 aliquando
659 457 709 484 cst
730 458 763 485 et
786 449 921 487 existit:
945 451 1227 500 circumscriptio
1248 466 1328 487 vero
1351 466 1464 500 neque
1487 452 1607 487 similis
1630 467 1749 501 neque
1771 454 1945 491 dissimilis
1967 456 2027 499 sit,

344 522 458 556 neque
480 509 519 543 fit
540 509 672 557 species
699 524 814 559 neque
842 512 974 558 sorma3
998 525 1114 560 neque
1135 512 1266 547 dicitur
1289 513 1567 560 circumscriptio
1595 513 1797 562 archetypi,
1819 529 1887 551 nec
1915 516 1957 551 ad
1978 530 2029 551 ar-

345 569 534 617 chetypum
556 571 731 614 refertur,
755 579 788 606 et
815 571 1095 620 inseparabiliter
1117 587 1156 607 ac
1178 581 1300 621 suapte
1328 582 1455 608 natura
1480 588 1560 608 cum
1582 574 1623 608 iis
1646 575 1751 609 simut
1775 576 1915 619 existit,
1937 591 2027 625 quae

345 629 523 672 continet,
546 643 747 679 semperque
768 631 831 666 iltis
852 632 958 667 adest.
988 631 1138 681 Semper
1165 633 1258 668 enim
1278 633 1315 668 in
1336 634 1411 668 loco
1440 643 1491 668 est
1518 634 1641 677 homo,
1665 643 1698 669 et
1722 634 1758 669 in
1786 643 1945 684 tempore
1961 664 1970 679 ,
1992 645 2029 672 et

343 689 380 724 in
411 690 748 737 comprehensione,
776 700 810 727 et
837 700 1000 727 naturam
1031 693 1330 742 circumscriptam
1357 694 1551 729 necessario
1581 694 1764 743 sequitur,
1790 695 1888 730 nullo
1914 709 2028 731 vacuo

343 749 574 798 diremptam,
595 751 686 786 sieut
707 752 816 800 quivis
837 761 953 800 potest
976 766 1117 788 cernere
1139 754 1176 788 in
1198 753 1519 803 circumscriptione
1533 783 1541 798 ,
1563 769 1671 804 quam
1691 755 1775 790 sacit
1794 756 1916 799 locus,
1936 770 2027 804 quae

344 810 513 846 terminos
537 811 721 860 utriusque
746 813 898 860 corporis
923 812 1081 861 (scilicet
1101 814 1314 849 continentis
1338 824 1373 850 et
1393 816 1577 863 contenti)
1601 816 1642 851 ad
1669 816 1893 864 superficiem
1914 817 2030 851 ambo-

342 884 424 906 rum
450 871 625 919 adiungit:
648 872 710 907 ubi
732 873 824 907 enim
845 881 894 907 est
916 873 1023 908 moles
1044 882 1077 908 et
1097 875 1325 921 magnitudo,
1346 889 1489 911 necesse
1518 886 1570 912 est
1598 877 1772 924 cogitetur
1792 877 1894 912 simul
1917 877 2026 913 locus.

344 929 487 966 Pictura
507 940 624 966 autem
644 932 747 979 longe
769 932 920 969 dissidet.
949 932 1043 968 Nam
1070 933 1209 982 pictura
1230 935 1374 983 quidem
1394 950 1605 985 quamquain
1626 937 1770 972 diversis
1791 937 1828 972 in
1851 937 1934 972 locis
1948 966 1956 980 ,
1976 937 2028 972 ni-

344 991 533 1027 hilominus
560 992 704 1027 definite
733 993 919 1040 effingitur.
951 992 1239 1043 Circumscriptio
1260 1009 1360 1038 vcro,
1382 996 1589 1044 simpliciter
1617 1006 1650 1032 et
1674 998 1812 1033 infinite
1833 998 2028 1041 definiens,

342 1065 425 1086 cum
445 1052 484 1086 iis
506 1053 688 1096 omnibus,
709 1067 957 1103 quaecumque
981 1055 1224 1090 circumscribi
1245 1064 1372 1091 natura
1392 1070 1454 1091 sua
1475 1066 1643 1104 possunt,
1666 1059 1922 1094 circumfertur.
1943 1058 2028 1093 Non

343 1111 440 1146 enim
468 1112 503 1146 in
532 1113 596 1147 hoc
624 1113 766 1161 quidem
792 1114 1069 1158 circumscribit,
1091 1115 1127 1150 in
1156 1116 1217 1151 illo
1245 1125 1365 1151 autem
1393 1130 1504 1152 secus
1533 1117 1654 1166 Atque
1684 1119 1793 1166 imago
1822 1120 1968 1167 quidem
1988 1119 2026 1154 in

341 1186 445 1208 sensu
468 1182 503 1209 et
524 1175 723 1210 ostensione
753 1184 823 1210 tota
851 1175 1032 1220 consistit,
1058 1176 1340 1226 circumscriptio
1361 1191 1443 1213 vero
1465 1192 1588 1225 magna
1611 1193 1653 1213 ex
1675 1188 1769 1227 parte
1797 1180 1835 1214 in
1862 1180 2029 1217 notione:

341 1234 483 1268 sortasse
512 1234 607 1270 enim
634 1235 746 1271 solum
772 1236 893 1272 locum
921 1237 1276 1272 circumscribentem
1303 1238 1484 1274 sentimus.
1512 1238 1559 1274 Et
1587 1248 1628 1274 ut
1659 1240 1860 1275 summatim
1889 1239 2028 1283 dicam,

342 1308 412 1330 nec
439 1295 577 1342 pictura
604 1296 861 1332 circumscribit
884 1297 1065 1333 hominem
1079 1326 1088 1341 ,
1108 1297 1189 1333 licet
1210 1298 1252 1333 sit
1274 1299 1586 1348 circumscriptus3
1606 1314 1722 1348 neque
1748 1300 2028 1349 circumscriptio

342 1355 476 1403 pingit,
500 1356 636 1391 etiamsi
656 1357 711 1391 ille
733 1357 827 1405 pingi
846 1367 983 1406 potest:
1006 1367 1200 1408 utrumque
1224 1359 1320 1394 enim
1340 1360 1515 1395 rationem
1541 1374 1640 1395 suam
1660 1360 1811 1396 habebit.
1839 1360 2028 1396 Praeterea

342 1416 479 1464 pictura
511 1418 716 1453 continetur
736 1432 754 1453 a
776 1418 1124 1468 circumscriptione,
1150 1420 1429 1468 circumscriptio
1458 1429 1580 1455 autem
1605 1434 1679 1455 non
1709 1421 1920 1456 continetur
1941 1435 1959 1456 a
1978 1421 2030 1470 pi-

344 1485 464 1521 ctura,
487 1478 546 1513 sed
575 1479 731 1513 continet
759 1493 856 1526 eam3
881 1479 962 1515 ideo
991 1494 1058 1515 nec
1086 1481 1124 1515 fit
1151 1480 1397 1529 reciprocatio.
1425 1480 1546 1516 Latius
1575 1495 1725 1530 namque
1754 1490 1851 1529 patet
1880 1482 2029 1518 circum-

342 1538 502 1586 scriptio:
525 1553 607 1574 nam
627 1540 655 1574 si
677 1540 764 1589 quid
794 1550 845 1576 est
872 1541 1026 1589 pictum,
1048 1541 1082 1576 id
1111 1550 1161 1577 est
1184 1542 1396 1589 figuratum,
1417 1543 1522 1577 homo
1545 1542 1695 1591 inquam
1717 1550 1749 1577 et
1772 1543 1843 1591 ipsa
1868 1543 2029 1591 pictura,

343 1611 404 1633 seu
433 1600 606 1646 effigiatus
634 1601 833 1644 character,
856 1601 943 1636 haec
970 1602 1114 1650 inquam
1141 1602 1213 1637 dici
1237 1611 1406 1651 poterunt
1433 1603 1540 1638 etiam
1570 1603 1854 1651 circumscripta,
1882 1603 1926 1638 de
1954 1603 2030 1652 qui-

342 1659 408 1693 bus
436 1674 533 1695 nunc
563 1674 674 1696 sermo
702 1662 805 1696 nobis
836 1670 906 1705 est,
929 1662 1021 1710 quod
1049 1663 1180 1711 ubique
1208 1672 1330 1698 notare
1361 1672 1522 1712 oportet,
1544 1677 1618 1698 non
1648 1663 1744 1697 enim
1766 1663 1807 1697 de
1830 1663 1896 1697 alio
1924 1663 2028 1698 modo

342 1719 489 1766 agimus.
517 1720 598 1755 Non
619 1730 735 1756 tamen
758 1730 912 1765 remeat,
932 1731 972 1758 ut
993 1723 1021 1758 si
1041 1723 1130 1772 quid
1155 1733 1207 1758 est
1230 1723 1564 1772 circumscriptum,
1586 1723 1680 1758 idem
1702 1723 1807 1759 etiam
1829 1724 1871 1758 sit
1892 1725 2028 1772 pictum

345 1780 439 1828 (sive
468 1781 611 1830 imago.)

445 1840 612 1890 Exemplo
629 1843 779 1891 quodam
798 1853 886 1880 utar,
908 1845 1064 1880 Annuus
1083 1845 1144 1894 qui
1162 1844 1296 1880 dicitur
1315 1845 1434 1894 cyclus
1446 1873 1454 1888 ,
1472 1853 1512 1880 ut
1529 1859 1636 1894 acque
1656 1859 1767 1880 sermo
1787 1845 1891 1880 etiam
1908 1853 2027 1880 noster

342 1902 526 1948 procedat,
544 1904 717 1939 mensuris
737 1904 889 1953 aliquot,
908 1905 941 1940 id
962 1914 1013 1940 est
1032 1904 1222 1941 intervallis
1244 1906 1419 1941 chronicis
1440 1914 1614 1953 quatuor,
1632 1905 1933 1941 circumvolvitur:
1950 1905 2026 1940 ideo

343 1970 377 1996 et
398 1963 642 1999 circumscribi
660 1965 807 2009 dicitur,
827 1979 1036 2014 quamquam
1055 1980 1170 2014 neque
1191 1967 1367 2014 pingitur,
1387 1980 1504 2014 neque
1526 1966 1702 2012 figuratur.
1726 1966 1913 2011 Quomodo
1934 1966 2028 2000 enim

343 2023 550 2070 figuraretur
571 2026 665 2074 quod
688 2026 801 2074 specie
823 2028 1004 2075 formaque
1027 2036 1140 2070 caret,
1163 2027 1313 2076 ideoque
1336 2041 1454 2076 neque
1476 2027 1539 2061 sub
1559 2027 1673 2062 visum
1696 2026 1787 2061 cadit
1808 2040 1924 2074 neque
1946 2027 2027 2061 sub-

343 2084 458 2120 sistit?
486 2085 576 2120 Nam
604 2087 800 2122 continuus
821 2101 934 2136 quum
955 2087 1019 2131 sit,
1041 2088 1210 2123 terminos
1233 2102 1314 2123 cum
1335 2087 1518 2136 principiis
1543 2101 1682 2136 semper
1706 2087 1902 2122 connectit.
1932 2086 2027 2133 Quia

344 2158 422 2191 ergo
449 2146 491 2181 ab
520 2146 641 2182 eodem
669 2148 713 2183 ad
741 2148 837 2184 idem
866 2149 1004 2195 signum
1033 2149 1309 2184 circumvolutus
1338 2148 1387 2184 sol
1414 2150 1647 2191 transfertur,
1676 2147 1934 2196 quodammodo
1964 2148 2028 2183 cir-

345 2206 534 2241 cumscribi
562 2207 702 2244 dicitur.
729 2208 849 2258 Atque
876 2209 1046 2258 principia
1074 2219 1109 2245 et
1135 2210 1277 2244 termini
1305 2218 1446 2245 mutuas
1477 2209 1717 2244 successiones
1746 2223 1818 2244 uno
1847 2217 2027 2244 momento

343 2274 545 2315 punctoque
574 2269 735 2317 temporis
763 2284 802 2304 ac
831 2284 940 2318 paene
966 2271 1216 2306 insensibiliter
1239 2271 1430 2306 absolvunt.
1458 2270 1514 2305 Ne
1540 2271 1633 2305 enim
1657 2271 1770 2305 fluens
1799 2278 1938 2317 tempus
1965 2270 2027 2304 hu-

344 2338 482 2361 manam
502 2328 605 2363 vitam
626 2343 729 2365 caeco
751 2330 787 2365 in
810 2345 919 2366 cursu
942 2332 1132 2375 retineret,
1152 2333 1350 2381 nostrisque
1373 2332 1476 2367 rebus
1499 2340 1533 2366 et
1555 2331 1693 2367 actibus
1717 2331 1872 2366 confusio
1896 2339 1929 2365 et
1951 2344 2027 2378 per-

345 2386 497 2421 turbatio
526 2396 630 2437 atque
659 2390 828 2426 anomalia
855 2391 1119 2435 dominaretur,
1142 2392 1240 2427 nullo
1262 2392 1429 2427 chronico
1459 2392 1557 2439 signo
1580 2391 1621 2425 iis
1641 2390 1867 2439 interposito,
1892 2398 2025 2439 tempus

344 2446 409 2482 hoc
431 2447 573 2496 inquam
595 2450 720 2486 diebus
735 2481 743 2496 ,
762 2453 879 2496 horis,
902 2454 1149 2498 hebdomadis,
1172 2455 1349 2489 mensibus
1363 2482 1371 2497 ,
1393 2454 1561 2502 annisque
1582 2453 1767 2488 metimur:
1788 2461 1819 2486 et
1844 2452 1926 2486 olim
1949 2452 2026 2501 qui-

346 2507 428 2542 dem
449 2509 702 2558 olympiadibus
724 2521 757 2547 et
778 2514 1014 2550 consulatibus
1034 2515 1177 2564 aliisque
1200 2514 1482 2550 dimensionibus
1504 2514 1632 2549 decore
1653 2513 1960 2560 distinguebatur,
1983 2521 2026 2548 ut

345 2569 528 2618 perspicua
549 2580 582 2606 et
601 2582 763 2608 accurata
789 2588 908 2610 rerum
936 2585 1110 2623 gestarum
1138 2577 1304 2612 memoria
1333 2583 1616 2617 conservaretur,
1639 2582 1673 2609 et
1691 2574 1782 2609 vitae
1803 2582 1902 2608 actus
1926 2582 2024 2609 recte

346 2629 630 2678 disponerentur.
659 2633 719 2668 Sic
748 2648 828 2681 ergo
858 2636 962 2670 etiam
982 2636 1118 2685 Moysis
1141 2637 1198 2673 lex
1225 2652 1336 2686 usque
1360 2637 1402 2672 ad
1423 2635 1653 2683 evangelicam
1680 2635 1866 2670 salutarem
1894 2634 2025 2683 praedi-

350 2690 528 2727 cationem
554 2693 743 2741 producta,
765 2704 918 2744 tempore
948 2697 1107 2732 constitit
1130 2706 1163 2734 et
1186 2698 1451 2746 circumscripta
1472 2697 1549 2732 fuit.
1577 2696 1775 2731 Idololatria
1800 2710 1902 2737 vero,
1925 2709 2024 2744 appa-

347 2761 445 2787 rente
474 2762 643 2790 servatore
670 2764 787 2791 nostro
814 2755 915 2800 Deo,
939 2772 1045 2807 aeque
1076 2759 1222 2794 cessavit
1250 2757 1538 2806 circumscripta,
1563 2771 1679 2805 neque
1709 2756 1860 2791 ulterius
1886 2770 2026 2805 progre-

348 2811 468 2857 diens,
489 2827 607 2864 neque
633 2815 764 2852 diutius
792 2830 874 2852 suos
902 2826 999 2853 actus
1028 2833 1200 2856 exserens.
1231 2819 1302 2855 Sed
1329 2832 1448 2867 neque
1475 2818 1531 2853 lex
1559 2818 1713 2867 quamvis
1734 2817 2023 2866 circumscripta,
