<?xml version="1.0" encoding="UTF-8"?>
<!DOCTYPE html PUBLIC "-//W3C//DTD XHTML 1.0 Transitional//EN"
    "http://www.w3.org/TR/xhtml1/DTD/xhtml1-transitional.dtd">
<html xmlns="http://www.w3.org/1999/xhtml" xml:lang="en" lang="en">
 <head>
  <title>
</title>
<meta http-equiv="Content-Type" content="text/html;charset=utf-8" />
  <meta name='ocr-system' content='tesseract 3.04.00' />
  <meta name='ocr-capabilities' content='ocr_page ocr_carea ocr_par ocr_line ocrx_word'/>
</head>
<body>
  <div class='ocr_page' id='page_1' title='image "./novaepatrumbibli05maiauoft/novaepatrumbibli05maiauoft_0568.png"; bbox 0 0 2203 3331; ppageno 0'>
   <div class='ocr_carea' id='block_1_1' title="bbox 274 925 356 947">
    <p class='ocr_par' dir='ltr' id='par_1_1' title="bbox 274 925 356 947">
     <span class='ocr_line' id='line_1_1' title="bbox 274 925 356 947; baseline 0.012 -7"><span class='ocrx_word' id='word_1_1' title='bbox 274 935 279 947; x_wconf 79' lang='grc'><em>,</em></span> <span class='ocrx_word' id='word_1_2' title='bbox 316 925 356 941; x_wconf 49' lang='grc' dir='ltr'>ιε,</span> 
     </span>
    </p>
   </div>
   <div class='ocr_carea' id='block_1_2' title="bbox 405 179 1305 210">
    <p class='ocr_par' dir='ltr' id='par_1_2' title="bbox 405 179 1305 210">
     <span class='ocr_line' id='line_1_2' title="bbox 405 179 1305 210; baseline -0.001 0"><span class='ocrx_word' id='word_1_3' title='bbox 405 179 472 210; x_wconf 60' lang='grc' dir='ltr'>2ψὲ</span> <span class='ocrx_word' id='word_1_4' title='bbox 1176 187 1305 209; x_wconf 63' lang='lat' dir='ltr'>TARASH</span> 
     </span>
    </p>
   </div>
   <div class='ocr_carea' id='block_1_3' title="bbox 478 239 2080 297">
    <p class='ocr_par' dir='ltr' id='par_1_3' title="bbox 478 239 2080 297">
     <span class='ocr_line' id='line_1_3' title="bbox 478 239 2080 297; baseline 0.007 -24"><span class='ocrx_word' id='word_1_5' title='bbox 478 239 579 275; x_wconf 58' lang='lat' dir='ltr'>&#39;aiam</span> <span class='ocrx_word' id='word_1_6' title='bbox 603 243 707 275; x_wconf 51' lang='lat' dir='ltr'>totins·</span> <span class='ocrx_word' id='word_1_7' title='bbox 727 240 954 277; x_wconf 68' lang='grc' dir='ltr'><em>αηΙῐι-ιἸιΡιίεἰ</em></span> <span class='ocrx_word' id='word_1_8' title='bbox 971 246 1082 292; x_wconf 71' lang='lat' dir='ltr'>primi</span> <span class='ocrx_word' id='word_1_9' title='bbox 1101 257 1144 279; x_wconf 84' lang='lat' dir='ltr'>ac</span> <span class='ocrx_word' id='word_1_10' title='bbox 1164 258 1214 277; x_wconf 80' lang='lat' dir='ltr'>se·</span> <span class='ocrx_word' id='word_1_11' title='bbox 1269 244 1326 279; x_wconf 79' lang='lat'>82.</span> <span class='ocrx_word' id='word_1_12' title='bbox 1356 242 1461 289; x_wconf 88' lang='lat' dir='ltr'>Quod</span> <span class='ocrx_word' id='word_1_13' title='bbox 1483 257 1501 278; x_wconf 90' lang='lat' dir='ltr'>a</span> <span class='ocrx_word' id='word_1_14' title='bbox 1520 243 1651 280; x_wconf 76' lang='lat' dir='ltr'>Christi</span> <span class='ocrx_word' id='word_1_15' title='bbox 1672 246 1823 283; x_wconf 83' lang='lat' dir='ltr'>adventu</span> <span class='ocrx_word' id='word_1_16' title='bbox 1847 247 1993 283; x_wconf 87' lang='lat' dir='ltr'>ecclesia</span> <span class='ocrx_word' id='word_1_17' title='bbox 2016 248 2080 297; x_wconf 86' lang='lat' dir='ltr'>pri-</span> 
     </span>
    </p>
   </div>
   <div class='ocr_carea' id='block_1_4' title="bbox 402 303 2081 838">
    <p class='ocr_par' dir='ltr' id='par_1_4' title="bbox 464 303 2081 472">
     <span class='ocr_line' id='line_1_4' title="bbox 477 303 2081 353; baseline 0.004 -16"><span class='ocrx_word' id='word_1_18' title='bbox 477 303 604 343; x_wconf 71' lang='lat' dir='ltr'>‹·!m(li,&#39;</span> <span class='ocrx_word' id='word_1_19' title='bbox 625 304 722 335; x_wconf 71' lang='lat' dir='ltr'>tertii</span> <span class='ocrx_word' id='word_1_20' title='bbox 742 315 824 336; x_wconf 68' lang='lat' dir='ltr'>wer-0</span> <span class='ocrx_word' id='word_1_21' title='bbox 846 315 915 336; x_wconf 79' lang='lat' dir='ltr'>mm</span> <span class='ocrx_word' id='word_1_22' title='bbox 935 306 1073 339; x_wconf 80' lang='lat' dir='ltr'>nonnisi</span> <span class='ocrx_word' id='word_1_23' title='bbox 1091 318 1212 353; x_wconf 76' lang='lat' dir='ltr'>pauca</span> <span class='ocrx_word' id='word_1_24' title='bbox 1344 317 1400 339; x_wconf 88' lang='lat' dir='ltr'>sca</span> <span class='ocrx_word' id='word_1_25' title='bbox 1428 304 1587 340; x_wconf 87' lang='lat' dir='ltr'>instituta</span> <span class='ocrx_word' id='word_1_26' title='bbox 1610 314 1643 340; x_wconf 91' lang='lat' dir='ltr'>et</span> <span class='ocrx_word' id='word_1_27' title='bbox 1664 306 1806 342; x_wconf 83' lang='lat' dir='ltr'>decreta</span> <span class='ocrx_word' id='word_1_28' title='bbox 1832 308 1991 343; x_wconf 89' lang='lat' dir='ltr'>inviolata</span> <span class='ocrx_word' id='word_1_29' title='bbox 2013 323 2081 344; x_wconf 85' lang='lat' dir='ltr'>ser-</span> 
     </span>
     <span class='ocr_line' id='line_1_5' title="bbox 473 364 2080 416; baseline 0.006 -22"><span class='ocrx_word' id='word_1_30' title='bbox 473 371 652 411; x_wconf 70' lang='lat' dir='ltr'>s2o.s!1·f›ma</span> <span class='ocrx_word' id='word_1_31' title='bbox 671 371 861 410; x_wconf 59' lang='lat' dir='ltr'>supersunt</span> <span class='ocrx_word' id='word_1_32' title='bbox 882 365 916 397; x_wconf 81' lang='lat' dir='ltr'>in</span> <span class='ocrx_word' id='word_1_33' title='bbox 939 366 1060 400; x_wconf 76' lang='lat' dir='ltr'>ultimo</span> <span class='ocrx_word' id='word_1_34' title='bbox 1081 364 1212 399; x_wconf 79' lang='lat' dir='ltr'>codicis</span> <span class='ocrx_word' id='word_1_35' title='bbox 1342 365 1492 409; x_wconf 68' lang='lat' dir='ltr'>raverit,</span> <span class='ocrx_word' id='word_1_36' title='bbox 1520 380 1632 415; x_wconf 87' lang='lat' dir='ltr'>usque</span> <span class='ocrx_word' id='word_1_37' title='bbox 1660 367 1701 402; x_wconf 88' lang='lat' dir='ltr'>ad</span> <span class='ocrx_word' id='word_1_38' title='bbox 1729 377 1916 416; x_wconf 86' lang='lat' dir='ltr'>apostatam</span> <span class='ocrx_word' id='word_1_39' title='bbox 1944 369 2080 405; x_wconf 86' lang='lat' dir='ltr'>Mamo-</span> 
     </span>
     <span class='ocr_line' id='line_1_6' title="bbox 464 423 1435 472; baseline 0.005 -16"><span class='ocrx_word' id='word_1_40' title='bbox 464 425 585 472; x_wconf 66' lang='grc' dir='ltr'>ιῙὶἰΙῐι),</span> <span class='ocrx_word' id='word_1_41' title='bbox 609 430 646 457; x_wconf 77' lang='lat' dir='ltr'>nt</span> <span class='ocrx_word' id='word_1_42' title='bbox 674 423 780 472; x_wconf 64' lang='lat' dir='ltr'>slsfi&#39;ll-</span> <span class='ocrx_word' id='word_1_43' title='bbox 1342 439 1435 461; x_wconf 88' lang='lat' dir='ltr'>nam.</span> 
     </span>
    </p>

    <p class='ocr_par' dir='ltr' id='par_1_5' title="bbox 404 484 2079 594">
     <span class='ocr_line' id='line_1_7' title="bbox 404 484 2079 536; baseline 0.004 -16"><span class='ocrx_word' id='word_1_44' title='bbox 404 501 459 534; x_wconf 58' lang='lat'>75).</span> <span class='ocrx_word' id='word_1_45' title='bbox 488 515 494 520; x_wconf 95' lang='lat'>.</span> <span class='ocrx_word' id='word_1_46' title='bbox 521 514 526 519; x_wconf 96' lang='lat'>.</span> <span class='ocrx_word' id='word_1_47' title='bbox 557 484 609 519; x_wconf 79' lang='lat' dir='ltr'>Ue</span> <span class='ocrx_word' id='word_1_48' title='bbox 638 485 810 519; x_wconf 85' lang='lat' dir='ltr'>monacho</span> <span class='ocrx_word' id='word_1_49' title='bbox 838 485 924 520; x_wconf 90' lang='lat' dir='ltr'>mira</span> <span class='ocrx_word' id='word_1_50' title='bbox 951 486 1101 521; x_wconf 72' lang='lat' dir='ltr'>faciente</span> <span class='ocrx_word' id='word_1_51' title='bbox 1131 500 1212 521; x_wconf 82' lang='lat' dir='ltr'>cum</span> <span class='ocrx_word' id='word_1_52' title='bbox 1268 487 1324 522; x_wconf 75' lang='lat'>83.</span> <span class='ocrx_word' id='word_1_53' title='bbox 1354 486 1461 532; x_wconf 84' lang='lat' dir='ltr'>Quod</span> <span class='ocrx_word' id='word_1_54' title='bbox 1483 501 1553 522; x_wconf 85' lang='lat' dir='ltr'>non</span> <span class='ocrx_word' id='word_1_55' title='bbox 1576 488 1682 523; x_wconf 87' lang='lat' dir='ltr'>suerit</span> <span class='ocrx_word' id='word_1_56' title='bbox 1702 489 1859 536; x_wconf 80' lang='lat' dir='ltr'>regium,</span> <span class='ocrx_word' id='word_1_57' title='bbox 1882 491 1943 525; x_wconf 86' lang='lat' dir='ltr'>sed</span> <span class='ocrx_word' id='word_1_58' title='bbox 1968 492 2079 526; x_wconf 88' lang='lat' dir='ltr'>iudai-</span> 
     </span>
     <span class='ocr_line' id='line_1_8' title="bbox 477 546 1924 594; baseline 0.004 -14"><span class='ocrx_word' id='word_1_59' title='bbox 477 547 570 593; x_wconf 77' lang='lat' dir='ltr'>rirga</span> <span class='ocrx_word' id='word_1_60' title='bbox 598 546 768 594; x_wconf 83' lang='lat' dir='ltr'>pallioque</span> <span class='ocrx_word' id='word_1_61' title='bbox 796 560 868 582; x_wconf 90' lang='lat' dir='ltr'>suo.</span> <span class='ocrx_word' id='word_1_62' title='bbox 1345 561 1446 591; x_wconf 88' lang='lat' dir='ltr'>cum,</span> <span class='ocrx_word' id='word_1_63' title='bbox 1471 548 1534 583; x_wconf 90' lang='lat' dir='ltr'>hoe</span> <span class='ocrx_word' id='word_1_64' title='bbox 1562 549 1746 584; x_wconf 81' lang='lat' dir='ltr'>haereseos</span> <span class='ocrx_word' id='word_1_65' title='bbox 1777 551 1924 587; x_wconf 83' lang='lat' dir='ltr'>crimen.</span> 
     </span>
    </p>

    <p class='ocr_par' dir='ltr' id='par_1_6' title="bbox 402 607 2081 721">
     <span class='ocr_line' id='line_1_9' title="bbox 402 607 2081 661; baseline 0.005 -20"><span class='ocrx_word' id='word_1_66' title='bbox 402 610 457 644; x_wconf 65' lang='lat'>80.</span> <span class='ocrx_word' id='word_1_67' title='bbox 488 607 594 654; x_wconf 86' lang='lat' dir='ltr'>Quod</span> <span class='ocrx_word' id='word_1_68' title='bbox 622 607 811 642; x_wconf 72' lang='lat' dir='ltr'>Manionas</span> <span class='ocrx_word' id='word_1_69' title='bbox 841 607 1030 642; x_wconf 89' lang='lat' dir='ltr'>monachos</span> <span class='ocrx_word' id='word_1_70' title='bbox 1059 621 1141 642; x_wconf 89' lang='lat' dir='ltr'>cum</span> <span class='ocrx_word' id='word_1_71' title='bbox 1167 608 1213 642; x_wconf 87' lang='lat' dir='ltr'>se-</span> <span class='ocrx_word' id='word_1_72' title='bbox 1268 609 1324 655; x_wconf 69' lang='grc'>84.</span> <span class='ocrx_word' id='word_1_73' title='bbox 1353 607 1458 654; x_wconf 88' lang='lat' dir='ltr'>Quod</span> <span class='ocrx_word' id='word_1_74' title='bbox 1480 623 1498 644; x_wconf 93' lang='lat' dir='ltr'>a</span> <span class='ocrx_word' id='word_1_75' title='bbox 1518 608 1656 644; x_wconf 90' lang='lat' dir='ltr'>Iudaeis</span> <span class='ocrx_word' id='word_1_76' title='bbox 1684 624 1723 646; x_wconf 87' lang='lat' dir='ltr'>ac</span> <span class='ocrx_word' id='word_1_77' title='bbox 1752 610 1939 647; x_wconf 80' lang='lat' dir='ltr'>Saracenis</span> <span class='ocrx_word' id='word_1_78' title='bbox 1962 627 2081 661; x_wconf 81' lang='lat' dir='ltr'>prove-</span> 
     </span>
     <span class='ocr_line' id='line_1_10' title="bbox 476 668 2078 721; baseline 0.004 -18"><span class='ocrx_word' id='word_1_79' title='bbox 476 669 578 704; x_wconf 87' lang='lat' dir='ltr'>minis</span> <span class='ocrx_word' id='word_1_80' title='bbox 605 668 797 716; x_wconf 84' lang='lat' dir='ltr'>copulabat.</span> <span class='ocrx_word' id='word_1_81' title='bbox 1344 670 1437 704; x_wconf 78' lang='lat' dir='ltr'>uerit</span> <span class='ocrx_word' id='word_1_82' title='bbox 1470 670 1557 705; x_wconf 87' lang='lat' dir='ltr'>haec</span> <span class='ocrx_word' id='word_1_83' title='bbox 1584 671 1750 718; x_wconf 82' lang='lat' dir='ltr'>apostasia</span> <span class='ocrx_word' id='word_1_84' title='bbox 1777 672 1819 706; x_wconf 86' lang='lat' dir='ltr'>ad</span> <span class='ocrx_word' id='word_1_85' title='bbox 1847 672 2078 721; x_wconf 85' lang='lat' dir='ltr'>imperatores</span> 
     </span>
    </p>

    <p class='ocr_par' dir='ltr' id='par_1_7' title="bbox 402 728 2081 838">
     <span class='ocr_line' id='line_1_11' title="bbox 402 728 2081 783; baseline 0.003 -19"><span class='ocrx_word' id='word_1_86' title='bbox 402 733 458 765; x_wconf 65' lang='lat'>81.</span> <span class='ocrx_word' id='word_1_87' title='bbox 488 730 541 765; x_wconf 86' lang='lat' dir='ltr'>l)c</span> <span class='ocrx_word' id='word_1_88' title='bbox 582 729 754 777; x_wconf 75' lang='lat' dir='ltr'>religiosis</span> <span class='ocrx_word' id='word_1_89' title='bbox 792 729 929 775; x_wconf 80' lang='lat' dir='ltr'>regibus</span> <span class='ocrx_word' id='word_1_90' title='bbox 965 728 1026 776; x_wconf 88' lang='lat' dir='ltr'>qui</span> <span class='ocrx_word' id='word_1_91' title='bbox 1063 729 1212 764; x_wconf 77' lang='lat' dir='ltr'>feliciter</span> <span class='ocrx_word' id='word_1_92' title='bbox 1344 729 1499 765; x_wconf 84' lang='lat' dir='ltr'>Leonem</span> <span class='ocrx_word' id='word_1_93' title='bbox 1516 739 1548 766; x_wconf 92' lang='lat' dir='ltr'>et</span> <span class='ocrx_word' id='word_1_94' title='bbox 1564 731 1839 768; x_wconf 86' lang='lat' dir='ltr'>Constantinum</span> <span class='ocrx_word' id='word_1_95' title='bbox 1857 732 1990 769; x_wconf 77' lang='lat' dir='ltr'>Christi</span> <span class='ocrx_word' id='word_1_96' title='bbox 2007 749 2081 783; x_wconf 86' lang='lat' dir='ltr'>pcr-</span> 
     </span>
     <span class='ocr_line' id='line_1_12' title="bbox 477 789 1528 838; baseline 0 -12"><span class='ocrx_word' id='word_1_97' title='bbox 477 791 713 838; x_wconf 80' lang='lat' dir='ltr'>longaevequc</span> <span class='ocrx_word' id='word_1_98' title='bbox 741 789 916 824; x_wconf 79' lang='lat' dir='ltr'>vixerunt.</span> <span class='ocrx_word' id='word_1_99' title='bbox 1345 799 1528 826; x_wconf 87' lang='lat' dir='ltr'>secutores.</span> 
     </span>
    </p>
   </div>
   <div class='ocr_carea' id='block_1_5' title="bbox 528 909 1950 1082">
    <p class='ocr_par' dir='ltr' id='par_1_8' title="bbox 528 909 1950 1082">
     <span class='ocr_line' id='line_1_13' title="bbox 528 909 1950 951; baseline 0.002 -3"><span class='ocrx_word' id='word_1_100' title='bbox 528 913 714 948; x_wconf 74' lang='lat' dir='ltr'>Fratribus</span> <span class='ocrx_word' id='word_1_101' title='bbox 742 919 774 945; x_wconf 74' lang='lat' dir='ltr'>et</span> <span class='ocrx_word' id='word_1_102' title='bbox 802 909 1050 945; x_wconf 84' lang='lat' dir='ltr'>comministris</span> <span class='ocrx_word' id='word_1_103' title='bbox 1079 911 1243 946; x_wconf 87' lang='lat' dir='ltr'>omnibus</span> <span class='ocrx_word' id='word_1_104' title='bbox 1272 912 1499 948; x_wconf 82' lang='lat' dir='ltr'>sanctissimis</span> <span class='ocrx_word' id='word_1_105' title='bbox 1527 921 1561 948; x_wconf 86' lang='lat' dir='ltr'>et</span> <span class='ocrx_word' id='word_1_106' title='bbox 1590 913 1726 950; x_wconf 82' lang='lat' dir='ltr'>Christi</span> <span class='ocrx_word' id='word_1_107' title='bbox 1752 916 1950 951; x_wconf 88' lang='lat' dir='ltr'>amantibus</span> 
     </span>
     <span class='ocr_line' id='line_1_14' title="bbox 667 971 1811 1024; baseline 0.003 -17"><span class='ocrx_word' id='word_1_108' title='bbox 667 972 836 1021; x_wconf 85' lang='lat' dir='ltr'>episcopis</span> <span class='ocrx_word' id='word_1_109' title='bbox 859 971 1084 1014; x_wconf 85' lang='lat' dir='ltr'>Siculorum,</span> <span class='ocrx_word' id='word_1_110' title='bbox 1107 971 1273 1007; x_wconf 89' lang='lat' dir='ltr'>Tarasius</span> <span class='ocrx_word' id='word_1_111' title='bbox 1294 971 1366 1007; x_wconf 79' lang='lat' dir='ltr'>Dei</span> <span class='ocrx_word' id='word_1_112' title='bbox 1387 973 1606 1009; x_wconf 86' lang='lat' dir='ltr'>miseratione</span> <span class='ocrx_word' id='word_1_113' title='bbox 1628 975 1811 1024; x_wconf 88' lang='lat' dir='ltr'>episcopus</span> 
     </span>
     <span class='ocr_line' id='line_1_15' title="bbox 869 1031 1610 1082; baseline 0.005 -16"><span class='ocrx_word' id='word_1_114' title='bbox 869 1031 1227 1081; x_wconf 89' lang='lat' dir='ltr'>Constantinopoleos</span> <span class='ocrx_word' id='word_1_115' title='bbox 1255 1047 1362 1068; x_wconf 86' lang='lat' dir='ltr'>novae</span> <span class='ocrx_word' id='word_1_116' title='bbox 1390 1032 1521 1069; x_wconf 87' lang='lat' dir='ltr'>Romae</span> <span class='ocrx_word' id='word_1_117' title='bbox 1549 1035 1610 1082; x_wconf 88' lang='lat'><em>(1).</em></span> 
     </span>
    </p>
   </div>
   <div class='ocr_carea' id='block_1_6' title="bbox 398 1155 2093 2727">
    <p class='ocr_par' dir='ltr' id='par_1_9' title="bbox 398 1155 2090 2539">
     <span class='ocr_line' id='line_1_16' title="bbox 503 1155 2079 1206; baseline 0.002 -15"><span class='ocrx_word' id='word_1_118' title='bbox 503 1157 575 1203; x_wconf 82' lang='lat' dir='ltr'>Qui</span> <span class='ocrx_word' id='word_1_119' title='bbox 603 1156 717 1191; x_wconf 74' lang='lat' dir='ltr'>divina</span> <span class='ocrx_word' id='word_1_120' title='bbox 747 1155 925 1204; x_wconf 74' lang='lat' dir='ltr'>sapienter</span> <span class='ocrx_word' id='word_1_121' title='bbox 951 1155 1171 1191; x_wconf 85' lang='lat' dir='ltr'>meditantur</span> <span class='ocrx_word' id='word_1_122' title='bbox 1198 1156 1359 1199; x_wconf 85' lang='lat' dir='ltr'>oracula,</span> <span class='ocrx_word' id='word_1_123' title='bbox 1382 1157 1592 1206; x_wconf 88' lang='lat' dir='ltr'>curioseque</span> <span class='ocrx_word' id='word_1_124' title='bbox 1619 1157 1696 1201; x_wconf 87' lang='lat' dir='ltr'>illa,</span> <span class='ocrx_word' id='word_1_125' title='bbox 1720 1172 1792 1193; x_wconf 88' lang='lat' dir='ltr'>non</span> <span class='ocrx_word' id='word_1_126' title='bbox 1819 1159 2079 1206; x_wconf 70' lang='lat' dir='ltr'>perfunctorie,</span> 
     </span>
     <span class='ocr_line' id='line_1_17' title="bbox 402 1217 2083 1267; baseline 0.001 -14"><span class='ocrx_word' id='word_1_127' title='bbox 402 1219 647 1261; x_wconf 66' lang='lat' dir='ltr'>considerant,</span> <span class='ocrx_word' id='word_1_128' title='bbox 670 1232 839 1266; x_wconf 85' lang='lat' dir='ltr'>suamque</span> <span class='ocrx_word' id='word_1_129' title='bbox 867 1226 1023 1252; x_wconf 84' lang='lat' dir='ltr'>mentem</span> <span class='ocrx_word' id='word_1_130' title='bbox 1045 1217 1083 1252; x_wconf 90' lang='lat' dir='ltr'>in</span> <span class='ocrx_word' id='word_1_131' title='bbox 1106 1218 1234 1266; x_wconf 84' lang='lat' dir='ltr'>pietate</span> <span class='ocrx_word' id='word_1_132' title='bbox 1263 1232 1302 1254; x_wconf 89' lang='lat' dir='ltr'>ac</span> <span class='ocrx_word' id='word_1_133' title='bbox 1325 1219 1468 1254; x_wconf 86' lang='lat' dir='ltr'>veritate</span> <span class='ocrx_word' id='word_1_134' title='bbox 1493 1219 1677 1267; x_wconf 85' lang='lat' dir='ltr'>defigunt,</span> <span class='ocrx_word' id='word_1_135' title='bbox 1699 1220 1724 1254; x_wconf 85' lang='lat' dir='ltr'>ii</span> <span class='ocrx_word' id='word_1_136' title='bbox 1743 1219 1996 1255; x_wconf 80' lang='lat' dir='ltr'>illuminantur</span> <span class='ocrx_word' id='word_1_137' title='bbox 2019 1221 2083 1255; x_wconf 87' lang='lat' dir='ltr'>mi-</span> 
     </span>
     <span class='ocr_line' id='line_1_18' title="bbox 401 1278 2082 1329; baseline 0 -14"><span class='ocrx_word' id='word_1_138' title='bbox 401 1281 555 1315; x_wconf 83' lang='lat' dir='ltr'>rabiliter</span> <span class='ocrx_word' id='word_1_139' title='bbox 577 1293 617 1314; x_wconf 81' lang='lat' dir='ltr'>ex</span> <span class='ocrx_word' id='word_1_140' title='bbox 637 1279 821 1314; x_wconf 89' lang='lat' dir='ltr'>montibus</span> <span class='ocrx_word' id='word_1_141' title='bbox 841 1278 1011 1322; x_wconf 75' lang='lat' dir='ltr'>aeternis,</span> <span class='ocrx_word' id='word_1_142' title='bbox 1032 1293 1072 1314; x_wconf 81' lang='lat' dir='ltr'>ex</span> <span class='ocrx_word' id='word_1_143' title='bbox 1094 1279 1285 1328; x_wconf 85' lang='lat' dir='ltr'>apostolico</span> <span class='ocrx_word' id='word_1_144' title='bbox 1305 1280 1448 1328; x_wconf 87' lang='lat' dir='ltr'>inquam</span> <span class='ocrx_word' id='word_1_145' title='bbox 1471 1289 1507 1315; x_wconf 87' lang='lat' dir='ltr'>et</span> <span class='ocrx_word' id='word_1_146' title='bbox 1526 1280 1727 1329; x_wconf 88' lang='lat' dir='ltr'>prophetico</span> <span class='ocrx_word' id='word_1_147' title='bbox 1744 1289 1959 1329; x_wconf 84' lang='lat' dir='ltr'>patrumque</span> <span class='ocrx_word' id='word_1_148' title='bbox 1978 1281 2082 1327; x_wconf 85' lang='lat' dir='ltr'>magi-</span> 
     </span>
     <span class='ocr_line' id='line_1_19' title="bbox 400 1339 2082 1389; baseline -0.001 -12"><span class='ocrx_word' id='word_1_149' title='bbox 400 1342 527 1385; x_wconf 86' lang='lat' dir='ltr'>sterio,</span> <span class='ocrx_word' id='word_1_150' title='bbox 550 1355 589 1376; x_wconf 88' lang='lat' dir='ltr'>ac</span> <span class='ocrx_word' id='word_1_151' title='bbox 611 1340 795 1389; x_wconf 84' lang='lat' dir='ltr'>splendore</span> <span class='ocrx_word' id='word_1_152' title='bbox 816 1339 999 1375; x_wconf 89' lang='lat' dir='ltr'>radiorum</span> <span class='ocrx_word' id='word_1_153' title='bbox 1023 1340 1097 1375; x_wconf 87' lang='lat' dir='ltr'>eius</span> <span class='ocrx_word' id='word_1_154' title='bbox 1117 1339 1315 1376; x_wconf 88' lang='lat' dir='ltr'>Dominum</span> <span class='ocrx_word' id='word_1_155' title='bbox 1336 1355 1451 1376; x_wconf 89' lang='lat' dir='ltr'>coram</span> <span class='ocrx_word' id='word_1_156' title='bbox 1471 1341 1579 1376; x_wconf 87' lang='lat' dir='ltr'>veluti</span> <span class='ocrx_word' id='word_1_157' title='bbox 1603 1355 1738 1389; x_wconf 83' lang='lat' dir='ltr'>semper</span> <span class='ocrx_word' id='word_1_158' title='bbox 1759 1350 1939 1389; x_wconf 88' lang='lat' dir='ltr'>spectant,</span> <span class='ocrx_word' id='word_1_159' title='bbox 1963 1349 1996 1376; x_wconf 90' lang='lat' dir='ltr'>et</span> <span class='ocrx_word' id='word_1_160' title='bbox 2017 1355 2082 1389; x_wconf 88' lang='lat' dir='ltr'>per</span> 
     </span>
     <span class='ocr_line' id='line_1_20' title="bbox 398 1401 2081 1451; baseline -0.001 -13"><span class='ocrx_word' id='word_1_161' title='bbox 398 1404 543 1438; x_wconf 75' lang='lat' dir='ltr'>activam</span> <span class='ocrx_word' id='word_1_162' title='bbox 570 1402 735 1436; x_wconf 84' lang='lat' dir='ltr'>virtutem</span> <span class='ocrx_word' id='word_1_163' title='bbox 756 1401 799 1435; x_wconf 90' lang='lat' dir='ltr'>ad</span> <span class='ocrx_word' id='word_1_164' title='bbox 823 1401 1159 1449; x_wconf 82' lang='lat' dir='ltr'>contemplationem</span> <span class='ocrx_word' id='word_1_165' title='bbox 1180 1401 1423 1438; x_wconf 87' lang='lat' dir='ltr'>deducuntur.</span> <span class='ocrx_word' id='word_1_166' title='bbox 1451 1401 1593 1438; x_wconf 87' lang='lat' dir='ltr'>Deinde</span> <span class='ocrx_word' id='word_1_167' title='bbox 1614 1402 1669 1438; x_wconf 84' lang='lat' dir='ltr'>his</span> <span class='ocrx_word' id='word_1_168' title='bbox 1689 1402 1920 1450; x_wconf 83' lang='lat' dir='ltr'>dogmaticam</span> <span class='ocrx_word' id='word_1_169' title='bbox 1939 1416 2081 1451; x_wconf 88' lang='lat' dir='ltr'>quoque</span> 
     </span>
     <span class='ocr_line' id='line_1_21' title="bbox 399 1462 2083 1511; baseline -0.001 -12"><span class='ocrx_word' id='word_1_170' title='bbox 399 1464 634 1499; x_wconf 80' lang='lat' dir='ltr'>admiscentes</span> <span class='ocrx_word' id='word_1_171' title='bbox 662 1462 862 1498; x_wconf 84' lang='lat' dir='ltr'>doctrinam</span> <span class='ocrx_word' id='word_1_172' title='bbox 881 1471 993 1497; x_wconf 84' lang='lat' dir='ltr'>semet</span> <span class='ocrx_word' id='word_1_173' title='bbox 1020 1463 1111 1511; x_wconf 89' lang='lat' dir='ltr'>ipsos</span> <span class='ocrx_word' id='word_1_174' title='bbox 1131 1470 1235 1511; x_wconf 87' lang='lat' dir='ltr'>atque</span> <span class='ocrx_word' id='word_1_175' title='bbox 1263 1463 1347 1498; x_wconf 88' lang='lat' dir='ltr'>alios</span> <span class='ocrx_word' id='word_1_176' title='bbox 1368 1463 1411 1498; x_wconf 86' lang='lat' dir='ltr'>ad</span> <span class='ocrx_word' id='word_1_177' title='bbox 1433 1463 1615 1499; x_wconf 87' lang='lat' dir='ltr'>veritatem</span> <span class='ocrx_word' id='word_1_178' title='bbox 1643 1464 1834 1506; x_wconf 83' lang='lat' dir='ltr'>erudiunt,</span> <span class='ocrx_word' id='word_1_179' title='bbox 1855 1463 1944 1498; x_wconf 89' lang='lat' dir='ltr'>vitae</span> <span class='ocrx_word' id='word_1_180' title='bbox 1969 1476 2083 1498; x_wconf 85' lang='lat' dir='ltr'>mores</span> 
     </span>
     <span class='ocr_line' id='line_1_22' title="bbox 401 1524 2082 1574; baseline -0.001 -15"><span class='ocrx_word' id='word_1_181' title='bbox 401 1532 639 1573; x_wconf 78' lang='lat' dir='ltr'>componunt,</span> <span class='ocrx_word' id='word_1_182' title='bbox 668 1532 699 1558; x_wconf 87' lang='lat' dir='ltr'>et</span> <span class='ocrx_word' id='word_1_183' title='bbox 727 1537 831 1571; x_wconf 86' lang='lat' dir='ltr'>supra</span> <span class='ocrx_word' id='word_1_184' title='bbox 860 1538 915 1558; x_wconf 88' lang='lat' dir='ltr'>res</span> <span class='ocrx_word' id='word_1_185' title='bbox 945 1532 1103 1558; x_wconf 88' lang='lat' dir='ltr'>terrenas</span> <span class='ocrx_word' id='word_1_186' title='bbox 1132 1524 1232 1567; x_wconf 88' lang='lat' dir='ltr'>elati,</span> <span class='ocrx_word' id='word_1_187' title='bbox 1261 1524 1423 1559; x_wconf 84' lang='lat' dir='ltr'>caelestia</span> <span class='ocrx_word' id='word_1_188' title='bbox 1452 1533 1648 1574; x_wconf 85' lang='lat' dir='ltr'>quaerunt,</span> <span class='ocrx_word' id='word_1_189' title='bbox 1675 1525 1835 1560; x_wconf 89' lang='lat' dir='ltr'>caelestia</span> <span class='ocrx_word' id='word_1_190' title='bbox 1862 1524 2018 1572; x_wconf 87' lang='lat' dir='ltr'>sapiunt:</span> <span class='ocrx_word' id='word_1_191' title='bbox 2042 1537 2082 1558; x_wconf 86' lang='lat' dir='ltr'>ac</span> 
     </span>
     <span class='ocr_line' id='line_1_23' title="bbox 398 1585 2085 1635; baseline 0 -16"><span class='ocrx_word' id='word_1_192' title='bbox 398 1586 508 1621; x_wconf 76' lang='lat' dir='ltr'>veluti</span> <span class='ocrx_word' id='word_1_193' title='bbox 531 1600 619 1634; x_wconf 84' lang='lat' dir='ltr'>aqua</span> <span class='ocrx_word' id='word_1_194' title='bbox 642 1585 787 1634; x_wconf 87' lang='lat' dir='ltr'>limpida</span> <span class='ocrx_word' id='word_1_195' title='bbox 809 1594 934 1634; x_wconf 82' lang='lat' dir='ltr'>purgat</span> <span class='ocrx_word' id='word_1_196' title='bbox 960 1585 1151 1620; x_wconf 85' lang='lat' dir='ltr'>lavantium</span> <span class='ocrx_word' id='word_1_197' title='bbox 1171 1585 1313 1628; x_wconf 86' lang='lat' dir='ltr'>oculos,</span> <span class='ocrx_word' id='word_1_198' title='bbox 1336 1594 1367 1620; x_wconf 88' lang='lat' dir='ltr'>et</span> <span class='ocrx_word' id='word_1_199' title='bbox 1392 1585 1502 1634; x_wconf 86' lang='lat' dir='ltr'>ipsius</span> <span class='ocrx_word' id='word_1_200' title='bbox 1529 1586 1608 1621; x_wconf 87' lang='lat' dir='ltr'>solis</span> <span class='ocrx_word' id='word_1_201' title='bbox 1635 1586 1817 1635; x_wconf 84' lang='lat' dir='ltr'>sphaeram</span> <span class='ocrx_word' id='word_1_202' title='bbox 1835 1600 1876 1621; x_wconf 90' lang='lat' dir='ltr'>ac</span> <span class='ocrx_word' id='word_1_203' title='bbox 1905 1585 2085 1621; x_wconf 85' lang='lat' dir='ltr'>caelorum</span> 
     </span>
     <span class='ocr_line' id='line_1_24' title="bbox 399 1645 2086 1696; baseline -0.001 -15"><span class='ocrx_word' id='word_1_204' title='bbox 399 1661 570 1689; x_wconf 77' lang='lat' dir='ltr'>concava,</span> <span class='ocrx_word' id='word_1_205' title='bbox 593 1646 644 1681; x_wconf 88' lang='lat' dir='ltr'>sic</span> <span class='ocrx_word' id='word_1_206' title='bbox 672 1654 707 1681; x_wconf 84' lang='lat' dir='ltr'>et</span> <span class='ocrx_word' id='word_1_207' title='bbox 734 1646 819 1681; x_wconf 87' lang='lat' dir='ltr'>istae</span> <span class='ocrx_word' id='word_1_208' title='bbox 846 1660 956 1694; x_wconf 87' lang='lat' dir='ltr'>purae</span> <span class='ocrx_word' id='word_1_209' title='bbox 985 1654 1142 1689; x_wconf 87' lang='lat' dir='ltr'>mentes,</span> <span class='ocrx_word' id='word_1_210' title='bbox 1164 1661 1270 1695; x_wconf 84' lang='lat' dir='ltr'>purae</span> <span class='ocrx_word' id='word_1_211' title='bbox 1299 1647 1409 1683; x_wconf 87' lang='lat' dir='ltr'>menti</span> <span class='ocrx_word' id='word_1_212' title='bbox 1432 1647 1658 1691; x_wconf 81' lang='lat' dir='ltr'>commixtae,</span> <span class='ocrx_word' id='word_1_213' title='bbox 1682 1660 1884 1696; x_wconf 84' lang='lat' dir='ltr'>expressum</span> <span class='ocrx_word' id='word_1_214' title='bbox 1907 1646 2017 1681; x_wconf 86' lang='lat' dir='ltr'>veluti</span> <span class='ocrx_word' id='word_1_215' title='bbox 2043 1645 2086 1680; x_wconf 89' lang='lat' dir='ltr'>si-</span> 
     </span>
     <span class='ocr_line' id='line_1_25' title="bbox 399 1707 2084 1756; baseline 0 -14"><span class='ocrx_word' id='word_1_216' title='bbox 399 1708 595 1742; x_wconf 80' lang='lat' dir='ltr'>mulacrum</span> <span class='ocrx_word' id='word_1_217' title='bbox 617 1708 871 1756; x_wconf 82' lang='lat' dir='ltr'>speculumque</span> <span class='ocrx_word' id='word_1_218' title='bbox 893 1708 985 1742; x_wconf 84' lang='lat' dir='ltr'>fiunt</span> <span class='ocrx_word' id='word_1_219' title='bbox 1006 1707 1136 1755; x_wconf 84' lang='lat' dir='ltr'>gloriae</span> <span class='ocrx_word' id='word_1_220' title='bbox 1158 1708 1318 1752; x_wconf 87' lang='lat' dir='ltr'>divinae,</span> <span class='ocrx_word' id='word_1_221' title='bbox 1341 1717 1381 1744; x_wconf 87' lang='lat' dir='ltr'>ut</span> <span class='ocrx_word' id='word_1_222' title='bbox 1401 1709 1449 1744; x_wconf 88' lang='lat' dir='ltr'>ait</span> <span class='ocrx_word' id='word_1_223' title='bbox 1470 1708 1665 1745; x_wconf 86' lang='lat' dir='ltr'>Dominus:</span> <span class='ocrx_word' id='word_1_224' title='bbox 1687 1709 1779 1744; x_wconf 86' lang='lat' dir='ltr'>beati</span> <span class='ocrx_word' id='word_1_225' title='bbox 1798 1708 1934 1744; x_wconf 90' lang='lat' dir='ltr'>mundo</span> <span class='ocrx_word' id='word_1_226' title='bbox 1958 1707 2062 1743; x_wconf 88' lang='lat' dir='ltr'>corde</span> <span class='ocrx_word' id='word_1_227' title='bbox 2076 1736 2084 1749; x_wconf 89' lang='lat'>,</span> 
     </span>
     <span class='ocr_line' id='line_1_26' title="bbox 398 1768 2086 1818; baseline 0 -15"><span class='ocrx_word' id='word_1_228' title='bbox 398 1768 568 1816; x_wconf 75' lang='lat' dir='ltr'>quoniam</span> <span class='ocrx_word' id='word_1_229' title='bbox 589 1768 655 1816; x_wconf 83' lang='lat' dir='ltr'>ipsi</span> <span class='ocrx_word' id='word_1_230' title='bbox 675 1768 794 1804; x_wconf 87' lang='lat' dir='ltr'>Deum</span> <span class='ocrx_word' id='word_1_231' title='bbox 821 1768 1011 1805; x_wconf 85' lang='lat' dir='ltr'>videbunt:</span> <span class='ocrx_word' id='word_1_232' title='bbox 1034 1769 1232 1818; x_wconf 85' lang='lat' dir='ltr'>meritoque</span> <span class='ocrx_word' id='word_1_233' title='bbox 1256 1770 1443 1805; x_wconf 88' lang='lat' dir='ltr'>sacrificuli</span> <span class='ocrx_word' id='word_1_234' title='bbox 1472 1779 1506 1805; x_wconf 87' lang='lat' dir='ltr'>et</span> <span class='ocrx_word' id='word_1_235' title='bbox 1533 1770 1728 1805; x_wconf 84' lang='lat' dir='ltr'>sacerdotes</span> <span class='ocrx_word' id='word_1_236' title='bbox 1752 1778 1786 1805; x_wconf 87' lang='lat' dir='ltr'>et</span> <span class='ocrx_word' id='word_1_237' title='bbox 1806 1777 1937 1817; x_wconf 84' lang='lat' dir='ltr'>mystae</span> <span class='ocrx_word' id='word_1_238' title='bbox 1965 1769 2007 1803; x_wconf 89' lang='lat' dir='ltr'>ad</span> <span class='ocrx_word' id='word_1_239' title='bbox 2030 1782 2086 1816; x_wconf 85' lang='lat' dir='ltr'>po-</span> 
     </span>
     <span class='ocr_line' id='line_1_27' title="bbox 401 1829 2084 1879; baseline 0 -16"><span class='ocrx_word' id='word_1_240' title='bbox 401 1830 472 1877; x_wconf 79' lang='lat' dir='ltr'>puli</span> <span class='ocrx_word' id='word_1_241' title='bbox 499 1829 737 1878; x_wconf 86' lang='lat' dir='ltr'>praesulatum</span> <span class='ocrx_word' id='word_1_242' title='bbox 764 1830 942 1877; x_wconf 76' lang='lat' dir='ltr'>eliguntur</span> <span class='ocrx_word' id='word_1_243' title='bbox 956 1859 963 1873; x_wconf 91' lang='lat'>,</span> <span class='ocrx_word' id='word_1_244' title='bbox 985 1830 1067 1879; x_wconf 89' lang='lat' dir='ltr'>quia</span> <span class='ocrx_word' id='word_1_245' title='bbox 1087 1830 1131 1865; x_wconf 90' lang='lat' dir='ltr'>de</span> <span class='ocrx_word' id='word_1_246' title='bbox 1153 1831 1206 1865; x_wconf 88' lang='lat' dir='ltr'>his</span> <span class='ocrx_word' id='word_1_247' title='bbox 1228 1831 1361 1866; x_wconf 86' lang='lat' dir='ltr'>dictum</span> <span class='ocrx_word' id='word_1_248' title='bbox 1389 1831 1476 1867; x_wconf 85' lang='lat' dir='ltr'>fnit:</span> <span class='ocrx_word' id='word_1_249' title='bbox 1499 1831 1563 1866; x_wconf 84' lang='lat' dir='ltr'>uhi</span> <span class='ocrx_word' id='word_1_250' title='bbox 1586 1840 1670 1866; x_wconf 88' lang='lat' dir='ltr'>sunt</span> <span class='ocrx_word' id='word_1_251' title='bbox 1691 1831 1760 1866; x_wconf 86' lang='lat' dir='ltr'>duo</span> <span class='ocrx_word' id='word_1_252' title='bbox 1781 1830 1837 1865; x_wconf 85' lang='lat' dir='ltr'>vel</span> <span class='ocrx_word' id='word_1_253' title='bbox 1856 1839 1926 1865; x_wconf 89' lang='lat' dir='ltr'>tres</span> <span class='ocrx_word' id='word_1_254' title='bbox 1947 1829 2084 1865; x_wconf 88' lang='lat' dir='ltr'>collecti</span> 
     </span>
     <span class='ocr_line' id='line_1_28' title="bbox 401 1890 2086 1941; baseline 0.001 -17"><span class='ocrx_word' id='word_1_255' title='bbox 401 1890 435 1924; x_wconf 89' lang='lat' dir='ltr'>in</span> <span class='ocrx_word' id='word_1_256' title='bbox 460 1891 604 1925; x_wconf 87' lang='lat' dir='ltr'>nomine</span> <span class='ocrx_word' id='word_1_257' title='bbox 626 1904 702 1925; x_wconf 87' lang='lat' dir='ltr'>mco</span> <span class='ocrx_word' id='word_1_258' title='bbox 716 1919 723 1933; x_wconf 89' lang='lat'>,</span> <span class='ocrx_word' id='word_1_259' title='bbox 746 1890 793 1925; x_wconf 93' lang='lat' dir='ltr'>ibi</span> <span class='ocrx_word' id='word_1_260' title='bbox 817 1905 895 1926; x_wconf 88' lang='lat' dir='ltr'>sum</span> <span class='ocrx_word' id='word_1_261' title='bbox 916 1891 954 1925; x_wconf 87' lang='lat' dir='ltr'>in</span> <span class='ocrx_word' id='word_1_262' title='bbox 976 1891 1091 1926; x_wconf 83' lang='lat' dir='ltr'>medio</span> <span class='ocrx_word' id='word_1_263' title='bbox 1113 1906 1244 1928; x_wconf 88' lang='lat' dir='ltr'>eorum.</span> <span class='ocrx_word' id='word_1_264' title='bbox 1267 1891 1298 1927; x_wconf 92' lang='grc' dir='ltr'><strong>Ο</strong></span> <span class='ocrx_word' id='word_1_265' title='bbox 1320 1892 1399 1927; x_wconf 64' lang='lat' dir='ltr'>Viri</span> <span class='ocrx_word' id='word_1_266' title='bbox 1421 1892 1542 1941; x_wconf 87' lang='lat' dir='ltr'>itaque</span> <span class='ocrx_word' id='word_1_267' title='bbox 1565 1892 1824 1928; x_wconf 85' lang='lat' dir='ltr'>desideriorum</span> <span class='ocrx_word' id='word_1_268' title='bbox 1844 1890 2005 1939; x_wconf 80' lang='lat' dir='ltr'>spiritus,</span> <span class='ocrx_word' id='word_1_269' title='bbox 2027 1904 2086 1925; x_wconf 87' lang='lat' dir='ltr'>au-</span> 
     </span>
     <span class='ocr_line' id='line_1_29' title="bbox 398 1951 2088 2001; baseline 0.001 -18"><span class='ocrx_word' id='word_1_270' title='bbox 398 1951 551 1987; x_wconf 83' lang='lat' dir='ltr'>divimus</span> <span class='ocrx_word' id='word_1_271' title='bbox 571 1966 629 1986; x_wconf 89' lang='lat' dir='ltr'>vos</span> <span class='ocrx_word' id='word_1_272' title='bbox 651 1952 842 1987; x_wconf 84' lang='lat' dir='ltr'>canonicae</span> <span class='ocrx_word' id='word_1_273' title='bbox 870 1952 940 2000; x_wconf 82' lang='lat' dir='ltr'>legi</span> <span class='ocrx_word' id='word_1_274' title='bbox 969 1953 1201 2001; x_wconf 86' lang='lat' dir='ltr'>obsequentes</span> <span class='ocrx_word' id='word_1_275' title='bbox 1231 1954 1433 2001; x_wconf 81' lang='lat' dir='ltr'>congregari</span> <span class='ocrx_word' id='word_1_276' title='bbox 1458 1954 1570 1989; x_wconf 87' lang='lat' dir='ltr'>solere</span> <span class='ocrx_word' id='word_1_277' title='bbox 1593 1953 1740 2000; x_wconf 86' lang='lat' dir='ltr'>singulis</span> <span class='ocrx_word' id='word_1_278' title='bbox 1767 1953 1868 1988; x_wconf 88' lang='lat' dir='ltr'>annis</span> <span class='ocrx_word' id='word_1_279' title='bbox 1891 1952 1934 1987; x_wconf 90' lang='lat' dir='ltr'>ob</span> <span class='ocrx_word' id='word_1_280' title='bbox 1961 1951 2088 1986; x_wconf 88' lang='lat' dir='ltr'>diiudi-</span> 
     </span>
     <span class='ocr_line' id='line_1_30' title="bbox 399 2010 2086 2062; baseline -0.001 -16"><span class='ocrx_word' id='word_1_281' title='bbox 399 2012 554 2047; x_wconf 76' lang='lat' dir='ltr'>candum</span> <span class='ocrx_word' id='word_1_282' title='bbox 569 2012 614 2047; x_wconf 89' lang='lat' dir='ltr'>de</span> <span class='ocrx_word' id='word_1_283' title='bbox 633 2013 903 2048; x_wconf 84' lang='lat' dir='ltr'>occurrentibus</span> <span class='ocrx_word' id='word_1_284' title='bbox 923 2014 959 2048; x_wconf 92' lang='lat' dir='ltr'>in</span> <span class='ocrx_word' id='word_1_285' title='bbox 979 2013 1142 2049; x_wconf 88' lang='lat' dir='ltr'>universa</span> <span class='ocrx_word' id='word_1_286' title='bbox 1160 2022 1272 2049; x_wconf 89' lang='lat' dir='ltr'>vestra</span> <span class='ocrx_word' id='word_1_287' title='bbox 1291 2013 1470 2062; x_wconf 87' lang='lat' dir='ltr'>provincia</span> <span class='ocrx_word' id='word_1_288' title='bbox 1489 2013 1733 2049; x_wconf 82' lang='lat' dir='ltr'>ecclesiasticis</span> <span class='ocrx_word' id='word_1_289' title='bbox 1750 2012 1921 2060; x_wconf 73' lang='lat' dir='ltr'>negotii53</span> <span class='ocrx_word' id='word_1_290' title='bbox 1939 2020 1972 2047; x_wconf 86' lang='lat' dir='ltr'>et</span> <span class='ocrx_word' id='word_1_291' title='bbox 1989 2010 2086 2060; x_wconf 89' lang='lat' dir='ltr'>quod</span> 
     </span>
     <span class='ocr_line' id='line_1_31' title="bbox 399 2073 2086 2124; baseline 0 -17"><span class='ocrx_word' id='word_1_292' title='bbox 399 2074 553 2122; x_wconf 82' lang='lat' dir='ltr'>apprime</span> <span class='ocrx_word' id='word_1_293' title='bbox 581 2073 782 2110; x_wconf 87' lang='lat' dir='ltr'>Dominum</span> <span class='ocrx_word' id='word_1_294' title='bbox 810 2075 981 2110; x_wconf 82' lang='lat' dir='ltr'>invocatis</span> <span class='ocrx_word' id='word_1_295' title='bbox 998 2103 1006 2118; x_wconf 91' lang='lat'>,</span> <span class='ocrx_word' id='word_1_296' title='bbox 1034 2083 1074 2110; x_wconf 87' lang='lat' dir='ltr'>ut</span> <span class='ocrx_word' id='word_1_297' title='bbox 1102 2075 1257 2124; x_wconf 77' lang='lat' dir='ltr'>Spii·itus</span> <span class='ocrx_word' id='word_1_298' title='bbox 1285 2076 1430 2123; x_wconf 82' lang='lat' dir='ltr'>gratiam</span> <span class='ocrx_word' id='word_1_299' title='bbox 1457 2076 1495 2111; x_wconf 87' lang='lat' dir='ltr'>in</span> <span class='ocrx_word' id='word_1_300' title='bbox 1523 2090 1581 2110; x_wconf 91' lang='lat' dir='ltr'>vos</span> <span class='ocrx_word' id='word_1_301' title='bbox 1608 2075 1792 2110; x_wconf 79' lang='lat' dir='ltr'>inmittens</span> <span class='ocrx_word' id='word_1_302' title='bbox 1811 2103 1818 2117; x_wconf 82' lang='lat'>,</span> <span class='ocrx_word' id='word_1_303' title='bbox 1847 2074 1906 2108; x_wconf 90' lang='lat' dir='ltr'>det</span> <span class='ocrx_word' id='word_1_304' title='bbox 1932 2081 2086 2108; x_wconf 86' lang='lat' dir='ltr'>vestrum</span> 
     </span>
     <span class='ocr_line' id='line_1_32' title="bbox 401 2134 2089 2183; baseline 0 -15"><span class='ocrx_word' id='word_1_305' title='bbox 401 2134 595 2183; x_wconf 87' lang='lat' dir='ltr'>unicuique</span> <span class='ocrx_word' id='word_1_306' title='bbox 624 2135 820 2170; x_wconf 84' lang='lat' dir='ltr'>doctrinam</span> <span class='ocrx_word' id='word_1_307' title='bbox 842 2136 1093 2183; x_wconf 83' lang='lat' dir='ltr'>intelligentiae</span> <span class='ocrx_word' id='word_1_308' title='bbox 1108 2165 1116 2179; x_wconf 89' lang='lat'>,</span> <span class='ocrx_word' id='word_1_309' title='bbox 1138 2137 1333 2172; x_wconf 83' lang='lat' dir='ltr'>doctrinam</span> <span class='ocrx_word' id='word_1_310' title='bbox 1355 2137 1493 2172; x_wconf 89' lang='lat' dir='ltr'>divinae</span> <span class='ocrx_word' id='word_1_311' title='bbox 1514 2136 1706 2172; x_wconf 82' lang='lat' dir='ltr'>voluntatis</span> <span class='ocrx_word' id='word_1_312' title='bbox 1720 2165 1727 2178; x_wconf 83' lang='lat'>,</span> <span class='ocrx_word' id='word_1_313' title='bbox 1749 2135 1949 2170; x_wconf 87' lang='lat' dir='ltr'>doctrinam</span> <span class='ocrx_word' id='word_1_314' title='bbox 1976 2141 2089 2168; x_wconf 84' lang='lat' dir='ltr'>custo-</span> 
     </span>
     <span class='ocr_line' id='line_1_33' title="bbox 399 2194 2090 2245; baseline 0 -17"><span class='ocrx_word' id='word_1_315' title='bbox 399 2194 476 2228; x_wconf 81' lang='lat' dir='ltr'>diae</span> <span class='ocrx_word' id='word_1_316' title='bbox 498 2195 742 2231; x_wconf 86' lang='lat' dir='ltr'>mandatorum</span> <span class='ocrx_word' id='word_1_317' title='bbox 763 2195 854 2239; x_wconf 74' lang='lat' dir='ltr'>Dei,</span> <span class='ocrx_word' id='word_1_318' title='bbox 876 2196 1077 2231; x_wconf 87' lang='lat' dir='ltr'>doctrinam</span> <span class='ocrx_word' id='word_1_319' title='bbox 1105 2197 1342 2232; x_wconf 82' lang='lat' dir='ltr'>observantiae</span> <span class='ocrx_word' id='word_1_320' title='bbox 1373 2211 1569 2235; x_wconf 87' lang='lat' dir='ltr'>canonum:</span> <span class='ocrx_word' id='word_1_321' title='bbox 1593 2206 1627 2232; x_wconf 88' lang='lat' dir='ltr'>et</span> <span class='ocrx_word' id='word_1_322' title='bbox 1648 2195 1742 2245; x_wconf 86' lang='lat' dir='ltr'>quod</span> <span class='ocrx_word' id='word_1_323' title='bbox 1766 2196 1920 2244; x_wconf 85' lang='lat' dir='ltr'>denique</span> <span class='ocrx_word' id='word_1_324' title='bbox 1942 2194 2090 2230; x_wconf 84' lang='lat' dir='ltr'>munda-</span> 
     </span>
     <span class='ocr_line' id='line_1_34' title="bbox 399 2254 2089 2306; baseline 0.001 -18"><span class='ocrx_word' id='word_1_325' title='bbox 399 2254 453 2288; x_wconf 90' lang='lat' dir='ltr'>nis</span> <span class='ocrx_word' id='word_1_326' title='bbox 482 2255 594 2298; x_wconf 82' lang='lat' dir='ltr'>curis,</span> <span class='ocrx_word' id='word_1_327' title='bbox 616 2271 704 2305; x_wconf 84' lang='lat' dir='ltr'>quae</span> <span class='ocrx_word' id='word_1_328' title='bbox 733 2257 858 2293; x_wconf 89' lang='lat' dir='ltr'>divinis</span> <span class='ocrx_word' id='word_1_329' title='bbox 886 2258 1079 2306; x_wconf 82' lang='lat' dir='ltr'>praeceptis</span> <span class='ocrx_word' id='word_1_330' title='bbox 1106 2258 1359 2302; x_wconf 80' lang='lat' dir='ltr'>adversantur,</span> <span class='ocrx_word' id='word_1_331' title='bbox 1385 2259 1458 2293; x_wconf 81' lang='lat' dir='ltr'>vale</span> <span class='ocrx_word' id='word_1_332' title='bbox 1486 2258 1666 2301; x_wconf 88' lang='lat' dir='ltr'>dicentes,</span> <span class='ocrx_word' id='word_1_333' title='bbox 1693 2257 1896 2306; x_wconf 84' lang='lat' dir='ltr'>spiritaliter</span> <span class='ocrx_word' id='word_1_334' title='bbox 1923 2255 2089 2304; x_wconf 86' lang='lat' dir='ltr'>spiritalia</span> 
     </span>
     <span class='ocr_line' id='line_1_35' title="bbox 401 2314 2089 2369; baseline 0.001 -20"><span class='ocrx_word' id='word_1_335' title='bbox 401 2314 584 2359; x_wconf 83' lang='lat' dir='ltr'>iudicatis,</span> <span class='ocrx_word' id='word_1_336' title='bbox 606 2318 760 2353; x_wconf 83' lang='lat' dir='ltr'>humana</span> <span class='ocrx_word' id='word_1_337' title='bbox 788 2320 998 2367; x_wconf 85' lang='lat' dir='ltr'>spiritalibus</span> <span class='ocrx_word' id='word_1_338' title='bbox 1019 2334 1092 2355; x_wconf 91' lang='lat' dir='ltr'>non</span> <span class='ocrx_word' id='word_1_339' title='bbox 1114 2329 1391 2369; x_wconf 84' lang='lat' dir='ltr'>anteponentes:</span> <span class='ocrx_word' id='word_1_340' title='bbox 1413 2321 1447 2355; x_wconf 89' lang='lat' dir='ltr'>id</span> <span class='ocrx_word' id='word_1_341' title='bbox 1469 2320 1565 2355; x_wconf 90' lang='lat' dir='ltr'>enim</span> <span class='ocrx_word' id='word_1_342' title='bbox 1583 2320 1759 2355; x_wconf 81' lang='lat' dir='ltr'>humanae</span> <span class='ocrx_word' id='word_1_343' title='bbox 1783 2318 1908 2365; x_wconf 84' lang='lat' dir='ltr'>gratiae</span> <span class='ocrx_word' id='word_1_344' title='bbox 1930 2316 2089 2352; x_wconf 87' lang='lat' dir='ltr'>officium</span> 
     </span>
     <span class='ocr_line' id='line_1_36' title="bbox 403 2377 2088 2429; baseline 0.001 -20"><span class='ocrx_word' id='word_1_345' title='bbox 403 2384 470 2417; x_wconf 79' lang='lat' dir='ltr'>est,</span> <span class='ocrx_word' id='word_1_346' title='bbox 488 2390 558 2411; x_wconf 90' lang='lat' dir='ltr'>non</span> <span class='ocrx_word' id='word_1_347' title='bbox 580 2377 672 2412; x_wconf 87' lang='lat' dir='ltr'>illius</span> <span class='ocrx_word' id='word_1_348' title='bbox 693 2393 798 2426; x_wconf 86' lang='lat' dir='ltr'>quam</span> <span class='ocrx_word' id='word_1_349' title='bbox 817 2379 974 2428; x_wconf 82' lang='lat' dir='ltr'>Spiritus</span> <span class='ocrx_word' id='word_1_350' title='bbox 996 2380 1065 2417; x_wconf 81' lang='lat' dir='ltr'>dat.</span> <span class='ocrx_word' id='word_1_351' title='bbox 1089 2379 1275 2427; x_wconf 86' lang='lat' dir='ltr'>Quaenam</span> <span class='ocrx_word' id='word_1_352' title='bbox 1296 2390 1413 2416; x_wconf 87' lang='lat' dir='ltr'>autem</span> <span class='ocrx_word' id='word_1_353' title='bbox 1434 2389 1516 2416; x_wconf 88' lang='lat' dir='ltr'>sunt</span> <span class='ocrx_word' id='word_1_354' title='bbox 1532 2380 1724 2429; x_wconf 76' lang='lat' dir='ltr'>spiritalia?</span> <span class='ocrx_word' id='word_1_355' title='bbox 1742 2378 1940 2425; x_wconf 86' lang='lat' dir='ltr'>evangelica</span> <span class='ocrx_word' id='word_1_356' title='bbox 1961 2389 2088 2424; x_wconf 85' lang='lat' dir='ltr'>nempe</span> 
     </span>
     <span class='ocr_line' id='line_1_37' title="bbox 401 2436 2088 2486; baseline 0 -16"><span class='ocrx_word' id='word_1_357' title='bbox 401 2445 587 2484; x_wconf 80' lang='lat' dir='ltr'>praecepta</span> <span class='ocrx_word' id='word_1_358' title='bbox 602 2466 610 2480; x_wconf 86' lang='lat'>‚</span> <span class='ocrx_word' id='word_1_359' title='bbox 632 2440 838 2486; x_wconf 88' lang='lat' dir='ltr'>apostolicae</span> <span class='ocrx_word' id='word_1_360' title='bbox 863 2441 1161 2485; x_wconf 85' lang='lat' dir='ltr'>constitutiones,</span> <span class='ocrx_word' id='word_1_361' title='bbox 1182 2457 1358 2478; x_wconf 84' lang='lat' dir='ltr'>sacrorum</span> <span class='ocrx_word' id='word_1_362' title='bbox 1382 2456 1563 2478; x_wconf 86' lang='lat' dir='ltr'>canonum</span> <span class='ocrx_word' id='word_1_363' title='bbox 1591 2441 1839 2476; x_wconf 88' lang='lat' dir='ltr'>ordinationes.</span> <span class='ocrx_word' id='word_1_364' title='bbox 1867 2438 2013 2485; x_wconf 78' lang='lat' dir='ltr'>Absque</span> <span class='ocrx_word' id='word_1_365' title='bbox 2034 2436 2088 2471; x_wconf 83' lang='lat' dir='ltr'>his</span> 
     </span>
     <span class='ocr_line' id='line_1_38' title="bbox 404 2498 1632 2539; baseline 0.005 -8"><span class='ocrx_word' id='word_1_366' title='bbox 404 2498 500 2532; x_wconf 80' lang='lat' dir='ltr'>enim</span> <span class='ocrx_word' id='word_1_367' title='bbox 525 2498 798 2535; x_wconf 77' lang='lat' dir='ltr'>ecclesiasticum</span> <span class='ocrx_word' id='word_1_368' title='bbox 822 2502 999 2539; x_wconf 84' lang='lat' dir='ltr'>indicium</span> <span class='ocrx_word' id='word_1_369' title='bbox 1021 2517 1040 2538; x_wconf 91' lang='lat' dir='ltr'>a</span> <span class='ocrx_word' id='word_1_370' title='bbox 1064 2503 1239 2539; x_wconf 87' lang='lat' dir='ltr'>maledicti</span> <span class='ocrx_word' id='word_1_371' title='bbox 1262 2513 1386 2539; x_wconf 87' lang='lat' dir='ltr'>natura</span> <span class='ocrx_word' id='word_1_372' title='bbox 1410 2518 1482 2539; x_wconf 89' lang='lat' dir='ltr'>non</span> <span class='ocrx_word' id='word_1_373' title='bbox 1504 2503 1632 2539; x_wconf 83' lang='lat' dir='ltr'>dissert.</span> 
     </span>
    </p>

    <p class='ocr_par' dir='ltr' id='par_1_10' title="bbox 404 2557 2093 2727">
     <span class='ocr_line' id='line_1_39' title="bbox 508 2557 2091 2612; baseline -0.001 -19"><span class='ocrx_word' id='word_1_374' title='bbox 508 2557 728 2607; x_wconf 83' lang='lat' dir='ltr'>Quapropter</span> <span class='ocrx_word' id='word_1_375' title='bbox 755 2571 873 2597; x_wconf 84' lang='lat' dir='ltr'>sancta</span> <span class='ocrx_word' id='word_1_376' title='bbox 903 2563 1009 2598; x_wconf 82' lang='lat' dir='ltr'>etiam</span> <span class='ocrx_word' id='word_1_377' title='bbox 1037 2565 1213 2612; x_wconf 85' lang='lat' dir='ltr'>synodus,</span> <span class='ocrx_word' id='word_1_378' title='bbox 1241 2563 1309 2600; x_wconf 85' lang='lat' dir='ltr'>Dei</span> <span class='ocrx_word' id='word_1_379' title='bbox 1338 2565 1445 2612; x_wconf 79' lang='lat' dir='ltr'>gratia</span> <span class='ocrx_word' id='word_1_380' title='bbox 1474 2578 1513 2599; x_wconf 91' lang='lat' dir='ltr'>ac</span> <span class='ocrx_word' id='word_1_381' title='bbox 1540 2562 1762 2611; x_wconf 86' lang='lat' dir='ltr'>beneplacito</span> <span class='ocrx_word' id='word_1_382' title='bbox 1790 2561 1944 2596; x_wconf 65' lang='lat' dir='ltr'>Nicaeae</span> <span class='ocrx_word' id='word_1_383' title='bbox 1972 2567 2091 2593; x_wconf 88' lang='lat' dir='ltr'>nostra</span> 
     </span>
     <span class='ocr_line' id='line_1_40' title="bbox 404 2620 2093 2673; baseline 0.001 -21"><span class='ocrx_word' id='word_1_384' title='bbox 404 2626 514 2653; x_wconf 85' lang='lat' dir='ltr'>aetate</span> <span class='ocrx_word' id='word_1_385' title='bbox 544 2629 774 2667; x_wconf 81' lang='lat' dir='ltr'>congregata,</span> <span class='ocrx_word' id='word_1_386' title='bbox 798 2623 855 2657; x_wconf 89' lang='lat' dir='ltr'>cui</span> <span class='ocrx_word' id='word_1_387' title='bbox 878 2623 1036 2673; x_wconf 86' lang='lat' dir='ltr'>plerique</span> <span class='ocrx_word' id='word_1_388' title='bbox 1059 2625 1163 2661; x_wconf 87' lang='lat' dir='ltr'>etiam</span> <span class='ocrx_word' id='word_1_389' title='bbox 1183 2626 1339 2662; x_wconf 71' lang='lat' dir='ltr'>vestrum</span> <span class='ocrx_word' id='word_1_390' title='bbox 1359 2625 1574 2660; x_wconf 87' lang='lat' dir='ltr'>interfuistis</span> <span class='ocrx_word' id='word_1_391' title='bbox 1589 2652 1597 2666; x_wconf 90' lang='lat'>,</span> <span class='ocrx_word' id='word_1_392' title='bbox 1619 2631 1803 2672; x_wconf 88' lang='lat' dir='ltr'>postquam</span> <span class='ocrx_word' id='word_1_393' title='bbox 1831 2620 1990 2656; x_wconf 85' lang='lat' dir='ltr'>definivit</span> <span class='ocrx_word' id='word_1_394' title='bbox 2013 2633 2093 2655; x_wconf 87' lang='lat' dir='ltr'>con-</span> 
     </span>
     <span class='ocr_line' id='line_1_41' title="bbox 406 2680 2093 2727; baseline 0.001 -14"><span class='ocrx_word' id='word_1_395' title='bbox 406 2680 608 2715; x_wconf 79' lang='lat' dir='ltr'>servandam</span> <span class='ocrx_word' id='word_1_396' title='bbox 631 2694 703 2715; x_wconf 84' lang='lat' dir='ltr'>esse</span> <span class='ocrx_word' id='word_1_397' title='bbox 725 2690 878 2718; x_wconf 80' lang='lat' dir='ltr'>veterem</span> <span class='ocrx_word' id='word_1_398' title='bbox 897 2693 1037 2720; x_wconf 85' lang='lat' dir='ltr'>sanctae</span> <span class='ocrx_word' id='word_1_399' title='bbox 1059 2685 1130 2721; x_wconf 89' lang='lat' dir='ltr'>Dei</span> <span class='ocrx_word' id='word_1_400' title='bbox 1151 2687 1339 2722; x_wconf 85' lang='lat' dir='ltr'>catholicae</span> <span class='ocrx_word' id='word_1_401' title='bbox 1362 2686 1524 2721; x_wconf 76' lang='lat' dir='ltr'>ecclesiae</span> <span class='ocrx_word' id='word_1_402' title='bbox 1548 2685 1793 2727; x_wconf 83' lang='lat' dir='ltr'>traditionem,</span> <span class='ocrx_word' id='word_1_403' title='bbox 1817 2683 1859 2717; x_wconf 87' lang='lat' dir='ltr'>de</span> <span class='ocrx_word' id='word_1_404' title='bbox 1884 2680 2093 2717; x_wconf 78' lang='lat' dir='ltr'>venerabili-</span> 
     </span>
    </p>
   </div>
   <div class='ocr_carea' id='block_1_7' title="bbox 400 2780 2094 2911">
    <p class='ocr_par' dir='ltr' id='par_1_11' title="bbox 400 2780 2094 2911">
     <span class='ocr_line' id='line_1_42' title="bbox 466 2780 2094 2822; baseline 0.002 -16"><span class='ocrx_word' id='word_1_405' title='bbox 466 2782 501 2809; x_wconf 45' lang='grc' dir='ltr'>Ὶ’ῐῖ</span> <span class='ocrx_word' id='word_1_406' title='bbox 522 2780 590 2808; x_wconf 62' lang='lat' dir='ltr'>Vide</span> <span class='ocrx_word' id='word_1_407' title='bbox 610 2781 683 2808; x_wconf 79' lang='lat' dir='ltr'>dicta</span> <span class='ocrx_word' id='word_1_408' title='bbox 703 2782 819 2810; x_wconf 71' lang='lat' dir='ltr'>breviter</span> <span class='ocrx_word' id='word_1_409' title='bbox 839 2791 852 2809; x_wconf 78' lang='lat' dir='ltr'>a</span> <span class='ocrx_word' id='word_1_410' title='bbox 873 2784 952 2811; x_wconf 70' lang='lat' dir='ltr'>nobis</span> <span class='ocrx_word' id='word_1_411' title='bbox 972 2786 999 2812; x_wconf 82' lang='lat' dir='ltr'>in</span> <span class='ocrx_word' id='word_1_412' title='bbox 1020 2791 1096 2821; x_wconf 86' lang='lat' dir='ltr'>parte</span> <span class='ocrx_word' id='word_1_413' title='bbox 1115 2795 1210 2821; x_wconf 77' lang='lat' dir='ltr'>graeca</span> <span class='ocrx_word' id='word_1_414' title='bbox 1232 2795 1257 2822; x_wconf 81' lang='lat' dir='ltr'>p.</span> <span class='ocrx_word' id='word_1_415' title='bbox 1276 2791 1333 2815; x_wconf 65' lang='lat'>¹43.</span> <span class='ocrx_word' id='word_1_416' title='bbox 1356 2788 1471 2822; x_wconf 80' lang='lat' dir='ltr'>Insuper</span> <span class='ocrx_word' id='word_1_417' title='bbox 1489 2785 1522 2813; x_wconf 81' lang='lat' dir='ltr'>de</span> <span class='ocrx_word' id='word_1_418' title='bbox 1538 2786 1648 2813; x_wconf 82' lang='lat' dir='ltr'>Tarasio</span> <span class='ocrx_word' id='word_1_419' title='bbox 1668 2784 1852 2819; x_wconf 66' lang='lat' dir='ltr'>Nicephorum</span> <span class='ocrx_word' id='word_1_420' title='bbox 1874 2786 1942 2818; x_wconf 85' lang='lat' dir='ltr'>part.</span> <span class='ocrx_word' id='word_1_421' title='bbox 1958 2781 2004 2809; x_wconf 81' lang='lat' dir='ltr'>lat.</span> <span class='ocrx_word' id='word_1_422' title='bbox 2021 2789 2048 2816; x_wconf 86' lang='lat' dir='ltr'>p.</span> <span class='ocrx_word' id='word_1_423' title='bbox 2063 2783 2094 2809; x_wconf 79' lang='lat'>3.</span> 
     </span>
     <span class='ocr_line' id='line_1_43' title="bbox 400 2824 2086 2866; baseline 0.001 -16"><span class='ocrx_word' id='word_1_424' title='bbox 400 2824 477 2851; x_wconf 67' lang='lat' dir='ltr'>euius</span> <span class='ocrx_word' id='word_1_425' title='bbox 498 2824 664 2853; x_wconf 84' lang='lat' dir='ltr'>laudabilem</span> <span class='ocrx_word' id='word_1_426' title='bbox 684 2830 775 2853; x_wconf 84' lang='lat' dir='ltr'>actum</span> <span class='ocrx_word' id='word_1_427' title='bbox 796 2827 833 2854; x_wconf 80' lang='lat' dir='ltr'>ihi</span> <span class='ocrx_word' id='word_1_428' title='bbox 855 2834 1035 2857; x_wconf 81' lang='lat' dir='ltr'>memoratum</span> <span class='ocrx_word' id='word_1_429' title='bbox 1049 2831 1142 2866; x_wconf 85' lang='lat' dir='ltr'>inique</span> <span class='ocrx_word' id='word_1_430' title='bbox 1161 2832 1336 2866; x_wconf 77' lang='lat' dir='ltr'>reprehendit</span> <span class='ocrx_word' id='word_1_431' title='bbox 1354 2836 1449 2860; x_wconf 85' lang='lat' dir='ltr'>auctor</span> <span class='ocrx_word' id='word_1_432' title='bbox 1468 2831 1602 2858; x_wconf 79' lang='lat' dir='ltr'>libroruin</span> <span class='ocrx_word' id='word_1_433' title='bbox 1623 2830 1807 2857; x_wconf 77' lang='lat' dir='ltr'>rarolinorum</span> <span class='ocrx_word' id='word_1_434' title='bbox 1825 2827 1871 2855; x_wconf 70' lang='lat' dir='ltr'>tib.</span> <span class='ocrx_word' id='word_1_435' title='bbox 1889 2828 1937 2853; x_wconf 83' lang='lat' dir='ltr'>tlt.</span> <span class='ocrx_word' id='word_1_436' title='bbox 1951 2830 1977 2852; x_wconf 77' lang='lat'>2.</span> <span class='ocrx_word' id='word_1_437' title='bbox 1998 2825 2086 2852; x_wconf 87' lang='lat' dir='ltr'>Labo-</span> 
     </span>
     <span class='ocr_line' id='line_1_44' title="bbox 404 2870 1381 2911; baseline 0.011 -18"><span class='ocrx_word' id='word_1_438' title='bbox 404 2873 464 2894; x_wconf 75' lang='lat' dir='ltr'>rant</span> <span class='ocrx_word' id='word_1_439' title='bbox 485 2874 574 2897; x_wconf 76' lang='lat' dir='ltr'>tamen</span> <span class='ocrx_word' id='word_1_440' title='bbox 599 2870 690 2905; x_wconf 84' lang='lat' dir='ltr'>aliqua</span> <span class='ocrx_word' id='word_1_441' title='bbox 711 2871 879 2899; x_wconf 78' lang='lat' dir='ltr'>obscuritate</span> <span class='ocrx_word' id='word_1_442' title='bbox 898 2873 937 2899; x_wconf 59' lang='lat' dir='ltr'>iel</span> <span class='ocrx_word' id='word_1_443' title='bbox 959 2875 1113 2910; x_wconf 76' lang='lat' dir='ltr'>corruptela</span> <span class='ocrx_word' id='word_1_444' title='bbox 1134 2876 1199 2902; x_wconf 76' lang='lat' dir='ltr'>baec</span> <span class='ocrx_word' id='word_1_445' title='bbox 1220 2875 1381 2911; x_wconf 80' lang='lat' dir='ltr'>fragmenta.</span> 
     </span>
    </p>
   </div>
  </div>
 </body>
</html>
