2203 3331
753 178 817 202 rao
841 177 970 201 siseris
995 176 1196 199 lMAGINtBrs.
1749 168 1818 201 263

136 237 333 272 offendunt.
361 234 539 282 Quodque
567 234 694 269 mirum
723 243 794 278 est,
817 248 858 269 ex
886 233 1014 283 quibus
1034 231 1223 266 utilitatem
1251 233 1399 280 capiunt
1426 234 1485 282 qui
1508 248 1588 269 sana
1614 233 1684 269 fide
1713 244 1818 277 sunt,

137 313 177 333 ca
206 298 247 332 iis
274 304 403 332 nocent
429 296 491 344 qui
517 296 670 330 morbosi
697 304 799 338 sunt,
821 303 855 330 et.
877 293 1146 343 quaestionibus
1170 292 1360 341 otiosisque
1388 294 1688 342 disputationibus
1716 310 1821 330 occu-

138 367 276 407 pantur.
303 356 486 393 Malitiosc
515 366 635 392 autem
662 357 870 405 curioseque
891 355 935 390 de
955 354 1033 389 Deo
1055 353 1300 403 quaestionem
1325 354 1532 400 instituere,
1554 358 1722 392 morbum
1746 372 1820 392 esse

137 419 296 461 animae,
321 418 529 466 praesertim
557 419 587 453 si
614 418 730 453 studio
758 416 941 452 incredulo
969 417 1050 458 siat,
1075 415 1213 450 cunctis
1241 423 1291 449 051
1321 416 1545 464 exploratum.
1573 418 1666 453 Nam
1694 419 1721 453 si
1747 433 1822 453 san-

136 480 291 515 ctissimo
320 479 384 528 ipsi
406 478 483 515 Deo
505 480 542 514 in
564 480 606 514 iis
627 493 718 528 quae
738 478 780 514 ad
800 479 914 527 ipsum
941 485 1123 525 spectant,
1145 490 1217 510 11011
1248 476 1419 520 credunt,
1441 479 1614 526 quomodo
1644 480 1721 515 eius
1747 494 1823 527 pro-

137 540 249 588 phetis
276 540 507 589 apostolisque
536 540 810 582 auscultabunt,
833 552 916 574 cum
936 538 972 572 in
994 537 1124 572 divinis
1152 537 1335 585 scripturis
1363 537 1404 572 dc
1434 538 1491 573 illo
1514 548 1547 574 01
1567 540 1609 575 110
1632 541 1821 589 speraturis

136 601 172 635 in
200 601 357 636 eundem
383 601 604 650 loquuntur?
633 600 679 635 Et
700 600 803 649 paulo
823 607 911 648 post.
941 598 1090 644 Quaeris
1118 612 1190 632 non
1217 606 1259 632 ut
1286 598 1411 641 fidem,
1434 599 1494 633 sed
1517 608 1555 634 ut
1575 601 1823 637 infidelitatem

138 662 304 697 invenias.
333 662 410 698 Hoc
436 676 563 698 verum
591 670 660 704 est,
681 669 785 709 prout
809 660 977 708 scriptum
997 659 1084 696 suit:
1109 659 1145 694 in
1172 658 1362 706 malignam
1383 659 1536 694 animam
1562 674 1634 695 non
1663 662 1823 697 introibit

134 724 304 771 sapientia
330 725 357 760 ᾖ.
389 723 553 759 Credidit
580 722 758 756 Abraham
782 720 884 764 Deo,
907 729 943 756 et
968 729 1170 769 reputatum
1199 728 1249 756 est
1276 720 1325 754 illi
1352 720 1394 755 ad
1422 720 1593 756 iustitiam
1621 724 1658 765 ᾗ,
1683 722 1821 772 Deique

135 785 270 819 amicus
297 784 489 833 appellatus
511 783 587 819 suit.
615 783 763 818 Amicus
783 781 854 817 Dei
874 783 996 817 beatus
1017 782 1195 817 Abraham
1215 781 1329 817 dictus
1351 782 1418 816 fuit
1441 790 1474 816 et
1497 790 1569 825 est,
1590 784 1724 819 amicus
1746 800 1823 833 pro—

135 854 214 893 pter
235 846 361 888 fidem,
382 845 468 880 fides
488 853 631 893 propter
652 844 845 879 exhibitam
866 843 943 879 Deo
965 843 1212 879 obedientiam.
1242 842 1297 878 Tu
1320 857 1400 878 vero
1423 843 1587 879 inimicus
1608 854 1753 893 propter
1774 847 1823 881 in-

137 908 339 943 fidelitatem
359 916 393 942 et
411 907 573 942 adversus
590 906 713 941 Deum
730 906 998 942 contumaciam.
1023 903 1185 941 Credidit
1201 905 1376 940 Abraham
1393 904 1472 941 Deo
1484 935 1491 949 ,
1509 906 1657 941 credidit
1675 916 1713 942 ut
1734 908 1821 955 ipse,

135 982 209 1003 non
238 968 387 1003 credidit
415 971 454 1002 iit
483 982 557 1003 nos.
585 967 778 1015 Propterea
806 966 861 1002 ille
895 966 1028 1002 amicus
1045 995 1053 1010 ,
1082 980 1147 1001 nos
1176 974 1295 1002 autem
1324 966 1471 1002 inimici.
1501 967 1641 1002 Inimici
1673 967 1820 1003 Domini

135 1029 276 1064 mentiti
299 1037 385 1064 sunt
410 1028 461 1070 ei,
484 1027 589 1063 veluti
613 1028 784 1076 scriptum
809 1036 871 1063 051.

278 1088 402 1124 Sancti
420 1088 527 1137 patris
546 1088 659 1123 nostri
676 1088 842 1135 Gregorii
861 1087 1013 1135 theologi
1032 1102 1073 1123 ex
1092 1101 1250 1123 sermone
1267 1088 1311 1124 de
1328 1097 1448 1124 sancto
1464 1090 1679 1138 baptismate.

239 1150 330 1184 Nam
357 1150 386 1184 si
413 1149 599 1184 hominum
623 1157 723 1198 pacta
743 1148 844 1184 Deus
869 1148 1100 1184 intermedius
1123 1149 1299 1184 adhibitus
1321 1150 1459 1193 firmat,
1481 1159 1656 1198 quantum
1682 1151 1820 1199 pericu-

135 1210 210 1246 lum
239 1220 311 1254 est,
333 1212 363 1246 si
390 1225 463 1246 non
485 1211 636 1246 aliorum
658 1210 899 1245 tantummodo
920 1219 1169 1259 peccatorum,
1191 1211 1251 1246 sed
1272 1211 1450 1247 mendacii
1471 1211 1574 1246 etiam
1594 1212 1687 1260 apud
1710 1213 1819 1261 ipsius

136 1273 290 1308 veritatis
317 1272 472 1307 tribunal
492 1273 545 1307 rei
564 1272 731 1319 agamur?
758 1271 805 1306 Et
824 1272 1006 1307 nonnullis
1027 1272 1233 1308 interiectis.
1261 1272 1363 1308 Nihil
1386 1273 1552 1308 adversus
1575 1274 1712 1309 animae
1736 1283 1819 1310 tuae

134 1334 279 1369 salutem
302 1335 452 1382 captiose
481 1333 750 1369 comminiscere
764 1361 772 1376 ,
793 1332 884 1368 nihil
904 1334 1118 1369 machinare.
1146 1333 1240 1369 Nam
1261 1334 1344 1369 licet
1367 1334 1443 1369 aliis
1464 1336 1587 1370 sucum
1608 1337 1797 1372 fecerimus
1811 1366 1819 1381 ,

135 1396 235 1430 nobis
257 1396 398 1443 quidem
419 1395 503 1443 ipsis
524 1395 559 1429 id
579 1408 776 1443 numquam
795 1395 999 1443 poterimus,
1029 1394 1138 1430 Certe
1163 1396 1327 1430 adversus
1348 1404 1456 1431 semet
1477 1397 1591 1445 ipsum
1614 1397 1740 1432 ludere
1763 1413 1822 1447 pe·

134 1456 327 1491 riculosum
354 1455 460 1490 nimis
489 1464 540 1490 est
569 1464 605 1490 et
633 1455 808 1492 stolidum.
837 1455 883 1490 Et
910 1469 983 1490 non
1011 1455 1122 1491 multo
1144 1465 1222 1505 post
1244 1458 1305 1505 (Ι).
1334 1455 1436 1502 Quae
1457 1457 1586 1505 scripta
1608 1467 1712 1501 suut,
1735 1459 1821 1493 mihi

132 1517 297 1560 observa,
319 1531 382 1565 per
408 1525 605 1564 temporum
632 1517 889 1559 mutationem,
911 1517 1075 1551 immotus
1103 1530 1313 1565 permanens
1341 1517 1380 1551 in
1408 1531 1445 1552 re
1473 1517 1619 1553 minime
1647 1519 1820 1555 mutabili.

342 1576 465 1612 Sancti
494 1577 659 1624 Gregorii
686 1576 818 1625 Nyssae
847 1577 1003 1625 episcopi
1031 1592 1072 1612 ex
1098 1577 1186 1612 libro
1213 1577 1256 1613 de
1285 1578 1438 1612 hominis
1467 1579 1608 1627 opificio

810 1652 883 1687 cap.
908 1638 1051 1674 XXIII.
1078 1640 1140 1686 (2)

236 1699 400 1748 Namque
425 1708 460 1735 et
481 1699 656 1734 Abraham
677 1707 710 1734 et
731 1699 790 1734 alii
809 1700 1047 1748 patriarchae,
1068 1701 1161 1735 bona
1181 1700 1328 1749 quidem
1348 1700 1490 1736 videndi
1511 1702 1744 1750 cupiditatem
1764 1704 1822 1738 ha-

132 1762 309 1804 huerunt,
332 1775 447 1810 neque
475 1775 494 1795 a
523 1760 661 1796 caelesti
688 1760 799 1809 patria
827 1761 1033 1810 quaerenda
1059 1770 1261 1805 cessarunt,
1284 1771 1324 1798 ut
1352 1763 1397 1797 ait
1426 1764 1624 1811 apostolusg
1647 1764 1822 1799 nihilomi-

131 1837 197 1858 11115
225 1822 299 1858 01115
322 1823 449 1870 gratiae
471 1822 745 1871 consequendae
767 1823 805 1858 in
827 1837 888 1871 spe
907 1822 1025 1858 adhue
1045 1832 1232 1859 versantur
1253 1830 1277 1845 ‘⁶
1300 1823 1378 1859 Deo
1405 1839 1468 1873 pro
1497 1825 1597 1860 nobis
1618 1826 1745 1861 melius
1766 1826 1822 1861 ali-

134 1913 158 1927 „
186 1884 273 1932 quid
300 1884 528 1932 providente,
552 1892 592 1919 ut
616 1897 689 1919 non
711 1883 788 1919 sine
816 1884 919 1919 nobis
949 1894 1291 1921 consummarentur.
1316 1914 1339 1929 „
1363 1884 1403 1920 Si
1431 1900 1512 1933 ergo
1539 1887 1590 1921 illi
1617 1887 1822 1923 dilationem

131 1947 336 1993 perferunt,
362 1946 425 1994 qui
452 1945 578 1993 procul
604 1959 668 1993 per
694 1945 804 1993 solam
831 1945 938 1980 fidem
965 1954 1069 1994 atque
1099 1960 1198 1994 spem
1225 1946 1320 1981 bona
1346 1946 1516 1982 viderunt
1543 1956 1575 1982 et
1602 1948 1820 1992 dilexerunt,

132 2015 236 2053 prout
256 2015 406 2041 testatur
425 2006 621 2054 apostolus3
642 2006 730 2055 quid
752 2006 870 2055 plures
890 2021 908 2042 e
929 2007 1030 2042 nobis
1050 2008 1165 2042 faeere
1188 2016 1326 2056 oportet
1340 2036 1348 2050 ,
1371 2009 1500 2057 quihus
1521 2010 1664 2044 sortasse
1685 2024 1729 2044 ne
1753 2023 1822 2044 me-

133 2065 230 2100 lioris
259 2067 644 2114 quidenneouditionis
670 2081 769 2115 spes,
796 2068 840 2102 ob
867 2067 974 2103 vitam
1001 2081 1102 2103 suam
1127 2068 1376 2116 praeteritam,
1405 2071 1590 2117 superest?
1620 2069 1821 2105 Sciendum

133 2140 215 2160 vero
237 2134 306 2168 est,
327 2126 536 2173 Gregorium
557 2127 595 2161 in
616 2127 719 2164 XIX.
744 2129 794 2176 (3)
820 2128 996 2176 capitulo,
1014 2127 1304 2164 incredulitatem
1327 2129 1410 2165 cum
1431 2130 1507 2164 aliis
1531 2130 1666 2165 animae
1689 2131 1820 2166 morbis

136 2200 408 2222 connumerasse
423 2216 430 2230 ,
453 2201 598 2236 eamque
624 2189 810 2224 brutorum
839 2190 990 2238 impetus
1020 2190 1170 2225 similem
1192 2191 1335 2234 dixisse,
1358 2191 1407 2226 ita
1436 2200 1547 2227 tamen
1576 2201 1617 2227 ut
1639 2192 1745 2227 etiam
1772 2206 1821 2227 ra-

137 2248 275 2282 tiocinii
299 2262 363 2296 ope
387 2258 561 2296 angeatur
588 2251 650 2298 (ff).

721 2309 892 2346 Eiusdem
917 2325 987 2360 cap.
1012 2311 1149 2347 XXIV.
1177 2314 1239 2360 (5).

235 2368 399 2404 Profecto
428 2384 491 2405 nos
519 2371 614 2419 quod
643 2385 756 2406 sacras
783 2372 919 2408 litteras
947 2373 1171 2408 adfirmantes
1196 2373 1380 2417 audimus,
1404 2374 1440 2409 id
1470 2389 1571 2410 omne
1594 2390 1613 2410 a
1634 2374 1713 2412 Deo
1744 2391 1818 2412 esse

134 2430 328 2466 credimus:
352 2431 525 2479 quomodo
554 2441 673 2467 autem
700 2433 736 2467 in
763 2431 843 2468 Deo
871 2433 1026 2477 suerint,
1048 2435 1129 2482 quia
1150 2434 1186 2469 id
1215 2435 1362 2470 rationis
1390 2444 1527 2471 nostrae
1556 2436 1624 2472 vim
1652 2446 1817 2486 superat,

134 2490 389 2539 inquirendum
410 2505 482 2526 11011
504 2493 724 2540 iudicamusg
750 2502 880 2529 cuncta
900 2493 977 2529 Deo
1002 2509 1075 2530 csse
1102 2495 1278 2544 possibilia
1298 2496 1502 2540 eredentes,
1523 2511 1647 2546 nempe
1670 2507 1704 2533 et
1725 2498 1817 2547 quod

210 2596 245 2626 (1)
265 2595 353 2622 Immo
373 2595 455 2631 longe
476 2596 547 2624 infra
567 2605 593 2632 p.
616 2600 675 2625 126.

212 2640 247 2669 (2)
268 2639 299 2665 ln
318 2638 360 2666 ed.
382 2648 440 2675 cap.
462 2642 556 2668 XXII.

214 2685 247 2714 23)
266 2683 299 2710 In
317 2683 359 2710 ed.
381 2693 440 2720 cap.
462 2686 565 2712 XVIII.
587 2687 619 2713 T.
640 2687 662 2713 1.
683 2695 710 2722 p.
731 2689 775 2714 93.
794 2689 825 2715 C.
846 2687 972 2715 ‘Notanda
992 2690 1033 2716 est
1051 2693 1144 2716 autem
1163 2688 1312 2724 Nicephori
1331 2687 1412 2717 lectio
1430 2691 1553 2718 ἀπιστία-ι
1574 2690 1818 2723 incredulitatem,-

130 2726 230 2752 etenim
249 2727 279 2754 in
298 2727 417 2756 edmone
431 2730 580 2765 Gregorms
599 2731 722 2766 quuitur
741 2732 831 2766 potius
847 2731 880 2760 de
898 2733 954 2766 ira,
969 2741 1051 2768 quain
1068 2733 1150 2761 hoino
1166 2733 1247 2761 hahet
1262 2742 1439 2762 communem
1459 2744 1522 2763 011111
1542 2735 1645 2764 beluis.
1660 2734 1707 2762 sed
1727 2739 1818 2761 tamen

127 2773 239 2796 auctam
259 2771 341 2798 etiam
361 2780 375 2799 a
394 2773 509 2801 rationiS
528 2783 588 2810 ope.

212 2818 246 2846 (⁴)
268 2816 299 2843 In
317 2824 413 2851 graeco
431 2818 539 2846 videtur
558 2819 762 2848 emendandum
782 2821 973 2858 αὐξανσμέυην,
993 2822 1015 2850 si
1037 2826 1109 2850 certe
1129 2822 1245 2850 refertur
1263 2822 1298 2850 ad
1316 2824 1448 2853 ἀπιστίαν.

213 2862 246 2892 35)
266 2860 298 2887 In
317 2860 359 2888 ed.
382 2870 440 2898 cap.
462 2864 569 2891 XXIII.

1859 732 1868 743 '
1884 731 1936 757 San.
1953 732 1969 752 I.
1987 736 2004 752 1.

1860 760 1867 769 ‘
1884 758 1948 779 Rom.
1966 758 2004 779 IV.
2021 764 2038 779 25.

1855 1154 1895 1175 Ed.
1911 1161 1964 1176 nov.
1980 1155 2051 1177 Pau-is,

1855 1181 1881 1202 T.
1898 1182 1913 1202 1.
1930 1188 1951 1208 p.
1969 1186 2013 1203 1023.

1856 1840 1926 1862 ΗΘΜ.
1944 1840 1982 1862 XI.
2000 1844 2032 1862 10.

1856 2146 1894 2167 ar.
1910 2152 1932 2172 p.
1950 2149 1995 2167 111.

1854 2393 1912 2418 Opp.
1929 2398 1951 2419 p.
1968 2395 2012 2414 loa.
