2203 3331
574 192 739 216 ADVERSUS
765 191 1011 216 coxsmxnxcn
1037 191 1271 215 COPRONYMFM.
1723 183 1769 217 79

82 254 230 300 figuram
255 249 379 285 habuit
393 277 402 292 ,
425 262 540 298 quum
567 263 630 298 per
651 263 685 283 se
706 247 795 283 nihil
815 247 859 282 sit
880 246 949 282 nisi
969 259 1100 281 nomen
1114 274 1122 288 ‚
1144 260 1355 294 quamquam
1384 247 1462 283 eius
1486 247 1651 283 mandata
1672 248 1771 297 sylla-

80 314 190 349 batim
210 311 438 353 scribuntur,
456 319 491 345 et
512 311 550 345 in
572 310 681 345 sacris
701 309 800 344 libris
817 315 990 357 perpetuo
1012 315 1167 342 manent.
1189 306 1320 356 Neque
1342 307 1426 343 item
1448 308 1641 344 idololatria
1660 309 1771 358 pingi-

82 384 159 418 tur,
181 385 293 422 quum
313 372 408 406 circa
429 385 483 406 res
505 370 769 406 insubsistentes
796 382 886 403 vane
914 368 1066 410 laboret,
1090 375 1123 402 et
1143 367 1275 415 absque
1297 368 1415 415 specie
1444 369 1515 404 ulla
1542 370 1696 417 figurave
1716 370 1769 406 sit.

193 435 248 480 14.
276 432 508 481 Principatus
537 432 621 467 item
650 430 809 478 gentium
829 443 868 464 ac
893 428 1095 463 dominatus
1117 427 1380 476 circumscripti
1407 438 1491 464 sunt
1518 439 1620 479 atque
1649 431 1772 467 dicun-

84 505 165 539 tur,
186 495 319 530 finibus
347 494 557 543 quibusdam
585 492 816 540 terminisque
845 490 1014 526 distincti.
1042 489 1187 525 Etenim
1215 490 1383 538 separatis
1404 490 1440 525 in
1463 491 1546 527 locis
1574 492 1770 541 unicuique

83 556 182 605 genti
210 556 395 605 peculiaris
424 556 638 604 principatus
665 562 769 602 atque
799 552 986 600 imperium
1013 551 1236 586 adtributum
1266 559 1344 594 151,
1372 551 1467 586 iuxta
1495 552 1583 587 illud
1610 553 1771 590 dictum:

82 624 107 639 ‘⁸
131 617 250 652 statuit
273 617 445 652 terminos
468 616 649 663 gentium,
672 615 768 649 iuxta
789 626 980 648 numerum
1001 612 1207 660 angelorum
1227 611 1298 646 Dei
1317 613 1344 648 ᾗ.
1369 640 1393 655 „
1414 611 1539 659 Neque
1562 622 1655 648 certe
1677 614 1772 663 prin-

84 678 220 727 cipatus
243 687 278 713 et
298 678 436 726 imperii
457 690 590 711 nomen
613 675 840 722 figurabiturg
858 682 907 709 est
929 673 1025 709 enim
1045 687 1098 708 res
1121 687 1160 708 ac
1182 672 1378 721 symbolum
1399 672 1588 719 dignitatis.
1611 674 1773 710 Humana

82 739 216 788 pariter
243 739 334 782 vita,
358 738 421 773 etsi
450 736 715 784 circumscripta
737 744 807 778 051,
831 744 866 770 01
892 735 934 769 ab
963 734 1151 769 universali
1175 742 1336 769 creatore
1359 732 1437 768 Deo
1460 733 1604 768 limitata
1619 763 1626 776 ,
1648 736 1773 771 nihilo-

83 799 202 834 minus
218 799 310 834 haud
326 798 538 833 delineatur.
558 796 681 832 Morbi
702 796 827 839 etiam,
844 796 907 844 qui
923 795 1023 830 nobis
1039 795 1225 837 accidunt,
1248 794 1507 842 circumscripti
1524 802 1623 840 suntg
1641 796 1774 830 etenim

85 868 244 909 tempore
265 860 496 895 definiuntur.
521 857 616 893 Sunt
637 858 793 906 apprime
814 857 926 891 febres
950 856 1172 904 ephemerae,
1195 870 1281 904 quae
1303 869 1376 891 una
1399 855 1455 890 die
1478 855 1686 903 plerumque
1708 857 1775 890 cir-

86 920 398 963 cumscribuntur,
419 928 457 954 ut
479 919 583 954 aiunt
603 918 755 964 medici3
780 932 882 953 nemo
906 926 1024 952 tamen
1048 917 1173 952 febrim
1193 917 1323 965 pictam
1344 916 1567 963 figuratamve
1589 916 1688 952 vidit.
1717 917 1776 951 In-

82 994 188 1029 super
216 980 344 1014 ssorum
371 980 473 1015 etiam
493 979 697 1029 qualitates,
718 992 808 1027 quae
839 978 988 1013 odorem
1014 977 1206 1026 spirantes,
1228 977 1396 1012 subiectis
1420 977 1627 1025 corporibus
1649 977 1776 1012 insunt

83 1041 147 1076 tali
175 1041 213 1076 in
240 1041 318 1076 loco
346 1041 509 1089 plantatis
537 1049 597 1076 aut
625 1041 806 1089 repositis,
828 1040 1033 1074 suavitatem
1055 1052 1153 1074 suam
1173 1038 1368 1081 emittunt,
1391 1046 1492 1086 atque
1517 1038 1687 1073 hactenus
1712 1038 1776 1073 cir-

85 1102 390 1137 cumscribuntur.
420 1101 491 1137 Sed
519 1102 602 1151 quia
628 1102 692 1136 hae
722 1101 906 1151 qualitates
927 1114 989 1149 per
1009 1114 1045 1135 se
1069 1113 1143 1135 non
1167 1099 1383 1142 subsistunt,
1406 1113 1479 1134 non
1501 1099 1695 1147 pinguntur
1717 1113 1777 1135 ne-

84 1177 152 1211 que
180 1163 251 1198 ullo
280 1163 384 1198 modo
411 1164 561 1198 sormam
581 1163 622 1198 ab
643 1171 716 1198 arte
738 1162 930 1211 accipiunt.
960 1161 1059 1207 Quid
1086 1161 1206 1196 Iacobi
1229 1161 1374 1209 eiusque
1400 1160 1584 1208 progeniei
1604 1161 1641 1195 in
1662 1160 1776 1209 Aegy-

85 1232 187 1272 ptum
210 1224 424 1267 descensus,
448 1224 510 1274 qui
533 1224 575 1259 ad
597 1223 874 1273 quadringentos
898 1237 1006 1258 3111105
1028 1222 1253 1271 perduravit?
1274 1221 1354 1257 Nec
1375 1235 1448 1256 non
1470 1221 1689 1256 Iudaeorum
1709 1222 1775 1257 sub

86 1285 151 1319 sub
172 1284 360 1320 Chaldaeis
381 1285 474 1334 apud
492 1284 711 1333 Babylonem
733 1284 935 1332 captivitas,
956 1284 1036 1318 iotis
1060 1283 1285 1332 septuaginta
1303 1283 1405 1318 annis
1426 1283 1468 1317 ab
1490 1282 1678 1318 universali
1695 1281 1775 1317 Deo

86 1345 306 1392 praefiinita,
327 1346 370 1381 ad
398 1360 505 1395 quam
531 1346 569 1381 in
597 1346 709 1381 alieno
737 1345 809 1380 solo
838 1345 874 1379 hi
902 1345 991 1380 bello
1022 1345 1134 1393 capti,
1157 1353 1198 1379 ut
1221 1358 1283 1379 sua
1309 1352 1453 1392 peccata
1482 1343 1681 1392 expiarent,
1702 1357 1778 1391 per-

85 1405 290 1453 petiendam
316 1406 473 1441 damnati
499 1406 606 1441 sunt?
634 1406 766 1441 Nonne
788 1405 873 1440 llaec
895 1405 1012 1440 omnia
1036 1405 1302 1453 circumscripta
1329 1405 1499 1447 fuerunt,
1521 1413 1554 1439 et
1581 1404 1699 1439 reditu
1720 1404 1778 1439 de-

86 1478 184 1500 mum
211 1466 332 1509 finita,
353 1475 395 1501 ut
421 1467 521 1501 divus
544 1465 736 1513 Gregorius
763 1465 812 1500 ait
834 1466 912 1512 (1)?
942 1464 1035 1500 Sane
1057 1479 1111 1500 res
1132 1465 1303 1513 quaedam
1329 1473 1411 1499 sunt
1439 1465 1601 1499 abductio
1623 1464 1778 1512 deporta·

86 1534 206 1561 torum
226 1541 266 1562 ac
288 1527 442 1563 reditus:
463 1526 608 1561 servitus
629 1535 752 1561 autem
773 1526 1014 1575 captivitatem
1039 1525 1186 1574 quidem
1199 1554 1207 1569 ,
1228 1525 1505 1574 praepotentiam
1518 1554 1526 1569 ‚
1547 1525 1778 1560 voluntatem-

87 1601 156 1635 que
184 1588 404 1635 tyrannicam
431 1587 712 1634 demonstrabat3
737 1587 952 1636 captivorum
978 1600 1058 1622 vero
1087 1601 1142 1622 res
1171 1595 1262 1630 erat,
1284 1586 1454 1621 libertatis
1482 1586 1652 1634 privatio,
1676 1585 1779 1621 servi-

89 1649 200 1692 tium,
224 1657 258 1684 et
284 1649 437 1684 violenta
464 1649 640 1686 abductio.
671 1648 743 1684 Sed
772 1658 888 1684 tamen
916 1662 1021 1684 nemo
1048 1648 1331 1697 deportationem
1356 1657 1391 1683 et
1417 1648 1674 1696 captivitatem,
1696 1660 1779 1696 qua-

88 1719 191 1745 tenus
220 1710 368 1759 quidem
389 1724 445 1745 res
467 1710 642 1759 quaedam
664 1718 770 1754 sunt,
792 1710 934 1759 pinget:
957 1724 1032 1745 non
1054 1710 1151 1746 enim
1173 1709 1375 1758 deportatos
1402 1709 1494 1758 ipsos
1514 1708 1566 1743 vel
1589 1708 1779 1757 captivatos

88 1785 188 1806 nunc
217 1771 288 1806 dici
315 1771 517 1819 putandum
542 1780 614 1817 est3
636 1785 720 1806 nam
740 1786 794 1807 res
816 1772 859 1806 ab
880 1771 963 1820 ipsis
991 1771 1196 1807 hominibus
1223 1771 1357 1806 diversa
1378 1779 1451 1813 est,
1474 1769 1578 1805 sicuti
1605 1769 1781 1804 disserunt

87 1841 187 1867 actus
208 1846 227 1867 a
249 1832 466 1880 corporibus.
487 1832 641 1868 Aereum
662 1847 804 1882 quoque
826 1834 948 1869 flatum
969 1833 1087 1868 dicere
1110 1833 1193 1868 licet
1217 1832 1551 1880 circumscriptum,
1571 1831 1698 1879 quippe
1720 1830 1780 1879 qui

87 1906 159 1928 uno
182 1893 219 1927 in
239 1893 317 1928 loco
346 1894 474 1941 spirat,
498 1894 534 1928 in
563 1893 629 1929 alio
657 1894 796 1940 deficit3
820 1908 891 1929 non
912 1902 1031 1929 tamen
1059 1894 1157 1942 pingi
1183 1901 1318 1942 potest,
1342 1893 1511 1941 quomam
1533 1892 1677 1926 artubus
1706 1904 1779 1926 11011

90 1961 139 1989 est
166 1954 348 2002 praeditus
376 1969 492 2003 neque
522 1954 629 1990 ullam
658 1955 808 2003 speciem
837 1969 919 2003 prae
947 1969 983 1990 se
1011 1956 1088 1992 sert.

199 2015 252 2052 15.
282 2015 357 2062 Age
385 2030 465 2050 vero
493 2016 670 2051 humanus
697 2030 839 2065 quoque
867 2029 980 2052 sermo
1011 2016 1302 2064 circumscriptus
1331 2015 1485 2058 dicitur,
1513 2028 1633 2063 neque
1661 2023 1780 2049 tamen

90 2075 262 2121 figuratur
276 2103 284 2118 ,
306 2089 374 2111 nec
397 2090 523 2125 eorpus
545 2076 596 2111 illi
617 2090 684 2112 nec
706 2077 841 2125 species
864 2091 980 2126 neque
1002 2077 1073 2112 ulla
1096 2078 1204 2112 forma
1225 2077 1325 2112 inest.
1354 2076 1446 2111 Nam
1467 2075 1530 2124 qui
1550 2075 1585 2109 id
1607 2075 1682 2110 fieri
1706 2088 1781 2123 pos·

92 2144 162 2188 set,
186 2135 361 2184 siquidem
390 2137 664 2185 pronunciando
686 2138 850 2174 funditur
871 2153 911 2174 30
932 2139 1124 2174 dilabitur?
1152 2137 1264 2173 Porro
1287 2138 1357 2172 iam
1376 2137 1513 2171 dictum
1533 2151 1551 2171 a
1572 2136 1673 2171 nobis
1694 2136 1779 2179 suit,

92 2210 164 2244 quo
188 2210 293 2231 sensu
315 2197 528 2232 vocabulum
549 2197 693 2249 γράφεται
716 2200 762 2247 (i.
785 2214 814 2236 e.
833 2200 992 2248 pingitur
1018 2207 1078 2234 aut
1106 2199 1343 2246 describitur)
1366 2199 1402 2232 in
1423 2198 1477 2232 his
1502 2198 1665 2232 omnibus
1694 2197 1782 2232 acci-

93 2257 265 2306 piendum
286 2257 339 2293 sit.
361 2258 453 2293 Nam
473 2260 670 2295 secundum
691 2261 841 2296 alterum
862 2275 903 2296 ex
921 2261 976 2296 his
997 2260 1249 2307 significantius
1263 2288 1270 2302 ,
1293 2259 1327 2294 id
1350 2267 1399 2294 est
1426 2259 1640 2307 syllabatim,
1663 2259 1779 2293 onmia

93 2317 385 2354 delineabuntur:
413 2328 447 2354 et
475 2320 586 2354 multa
611 2321 764 2369 quisque
793 2321 984 2356 scrutando
1011 2320 1183 2369 reperiet,
1206 2320 1245 2370 in
1272 2319 1399 2368 quibus
1426 2320 1553 2354 harum
1580 2319 1781 2354 dictionum

93 2378 297 2414 differentia
319 2388 420 2427 patet.
448 2379 555 2415 Nulla
577 2395 656 2428 ergo
678 2382 937 2430 praedictarum
956 2395 1077 2417 rerum
1097 2381 1278 2429 pingiturg
1300 2381 1364 2415 nisi
1386 2382 1476 2415 sorte
1497 2388 1671 2428 quatenus
1696 2394 1782 2414 11011-

92 2440 183 2475 nulli
210 2441 397 2488 figurantes
423 2450 456 2476 et
478 2443 762 2486 conformantes,
783 2443 892 2478 veluti
921 2443 1110 2485 iustitiam,
1132 2442 1401 2484 fortitudinem,
1427 2441 1582 2490 aliasque
1611 2441 1782 2483 virtutes,

97 2510 305 2550 corporant,
327 2511 368 2537 ut
395 2502 526 2538 alicubi
553 2503 734 2550 videmus3
756 2518 843 2552 quae
870 2504 964 2539 haud
992 2504 1128 2552 proprie
1158 2503 1300 2551 figurari
1327 2502 1497 2537 dicuntur
1524 2517 1642 2551 neque
1664 2502 1780 2550 pingi,

96 2563 180 2612 quia
204 2572 324 2598 carent
344 2564 531 2613 archetypo
545 2593 553 2608 ,
575 2579 694 2614 neque
714 2565 776 2600 ulli
798 2565 848 2600 rei
869 2565 1079 2600 subsistenti
1099 2564 1225 2600 similes
1254 2573 1348 2601 sunt.
1376 2563 1519 2599 Etenim
1548 2564 1715 2610 imagines
1741 2562 1783 2596 ad

96 2624 282 2673 archetypa
304 2624 483 2673 pingendo
506 2625 698 2673 exiguntur
719 2634 752 2661 et
774 2626 1022 2668 charaxantur,
1045 2634 1200 2674 suntque
1229 2639 1271 2660 ex
1298 2625 1341 2660 iis
1366 2638 1455 2673 quae
1478 2624 1519 2659 ad
1543 2623 1674 2672 aliquid
1699 2623 1783 2656 refe-

96 2693 227 2720 runtur
249 2686 321 2734 (2),
341 2694 379 2721 ut
400 2695 505 2721 antea
525 2686 685 2723 diximus.
707 2685 804 2722 Haec
824 2700 906 2722 vero
928 2687 1089 2735 figmenta
1112 2696 1213 2730 sunt,
1230 2700 1293 2735 pro
1316 2686 1462 2734 ingenio
1482 2700 1521 2720 ac
1543 2692 1711 2734 potestate
1732 2696 1783 2717 ar-

176 2790 211 2821 (l)
230 2789 307 2816 Orat.
323 2790 404 2824 XLI,
424 2790 479 2818 Sive
499 2789 533 2818 de
543 2794 713 2826 pentecoste,
730 2791 801 2819 circa
820 2791 918 2819 finem:
939 2791 1110 2828 αι’χμαλωσία
1123 2792 1170 2828 μὲν
1185 2794 1235 2828 ’γάρ
1251 2791 1288 2823 εἰς
1303 2792 1434 2827 Αἴγυπτον
1449 2792 1492 2817 :421¹
1510 2789 1649 2821 Βαβυλῶνα
1664 2787 1783 2822 πεξίγξα·

97 2835 159 2865 xro}
180 2845 205 2859 τε
225 2833 271 2865 ἦν,
290 2836 333 2860 καὶ
354 2836 435 2862 πάλαι
457 2838 488 2871 τῇ
507 2837 616 2870 ἐπανόδῳ
637 2839 739 2864 λέλυτο.

176 2881 212 2912 (2)
232 2878 340 2906 Gellius
358 2879 407 2907 lib.
428 2881 479 2907 XI.
500 2883 526 2907 5.
549 2892 561 2904 α
581 2881 684 2910 Omnes
703 2882 817 2911 ommno
836 2889 879 2910 res
897 2890 968 2918 quae
991 2890 1088 2911 sensus
1110 2883 1235 2912 omnium
1260 2885 1386 2916 movent,
1407 2886 1452 2909 τῶν
1473 2881 1533 2917 πρός
1554 2891 1575 2906 τι
1596 2885 1653 2907 esse
1674 2876 1781 2905 dicunt-

1807 620 1819 667 ἑ
1838 620 1905 641 Dent.
1925 620 2015 641 ΧΧΜΙ.

1817 2152 1853 2170 ssr.
1869 2157 1890 2176 μ.
1906 2154 1938 2170 uzi.
