2203 3331
136 313 143 318 ·
158 309 291 332 1.Pctr.111.
308 312 338 329 is.

162 1226 170 1232 '
188 1223 214 1243 κ.
232 1223 299 1243 XXX.
316 1225 334 1242 (“-.

176 1586 182 1594 ’
199 1583 226 1603 1⁵,
243 1582 298 1602 mv.
317 1585 334 1602 Ξ.

214 1707 250 1726 Cr.
266 1712 288 1732 ρ.
304 1709 336 1726 Τῑ».

152 1767 159 1775 ’
175 1765 202 1785 Is.
221 1764 300 1785 xvxii.
317 1766 336 1784 Τ.

181 2132 190 2145 0
206 2132 231 2151 Is⁴
250 2131 302 2151 ΙᾹἹ,
319 2134 337 2151 7,

204 2620 211 2631 ’
229 2621 255 2639 ls.
273 2620 288 2640 l.
309 2623 339 2641 Π,

270 2746 290 2760 V.
309 2744 338 2761 ΙἝ,

139 2804 146 2812 ’
163 2801 195 2821 Ps.
212 2801 300 2822 xxxm'
322 2805 340 2822 7,

158 2859 165 2868 ’
181 2857 207 2877 rs
234 2858 306 2879 Milx.
323 2862 340 2879 ⁹.

374 179 442 211 210
785 198 788 201 ψ
968 184 995 206 s.
1021 184 1191 206 xlm-:ruunt
1219 182 1456 206 ,irotocx-:Ticrs

379 272 400 281 ,.
432 243 555 276 nolu-as
586 238 843 279 incolentibus,
870 238 1079 274 revelemini.
1109 267 1131 281 q,
1160 238 1199 272 ld
1227 246 1343 272 autem
1370 251 1431 272 suo
1459 245 1612 284 tempore
1643 237 1786 273 demum
1813 238 2003 282 accidisse,
2025 239 2051 275 is

375 303 433 351 qui
463 301 598 348 apicem
629 299 661 333 in
694 298 824 333 Christi
855 297 1032 347 discipulis
1062 308 1176 341 tenet,
1200 298 1357 333 narrabit
1384 297 1503 332 dicens
1527 299 1562 333 *ι
1591 303 1613 318 “
1643 298 1724 346 quia
1755 298 1916 334 Christus
1945 300 2053 334 semel

379 392 399 400 ,.
429 376 490 410 pro
518 359 669 408 pcccatis
691 359 819 394 nostris
842 368 1006 395 mortuus
1029 369 1102 402 cst,
1126 360 1238 393 iustus
1267 372 1329 407 pro
1358 358 1519 403 iniustisg
1546 367 1586 393 ut
1608 372 1673 393 nos
1696 359 1738 393 ad
1761 358 1877 395 Deum
1901 360 2053 395 adduce—

378 452 400 465 „
429 431 501 467 ret3
531 434 631 456 carne
660 420 804 467 quidem
836 420 1030 463 extinctus,
1060 420 1252 455 vivificatus
1279 428 1396 454 autem
1423 419 1568 466 spiritu:
1596 419 1632 453 in
1661 433 1732 468 quo
1761 429 1794 455 et
1822 420 1897 464 his,
1923 421 1986 469 qui
2014 421 2051 455 in

378 512 399 525 ,‚
431 496 568 518 carcere
592 490 687 515 eraut
703 509 710 522 ‚
735 480 913 529 spiritibus
935 482 1079 515 veniens
1103 480 1333 529 praedicavit,
1356 480 1418 527 qui
1439 479 1613 514 increduli
1638 480 1780 515 fuerant
1808 481 2002 529 aliquando.
2028 510 2051 524 „

375 545 474 589 Quos
498 557 560 590 ego
584 542 741 577 existimo
764 542 805 577 de
826 542 945 576 salutis
972 542 1136 589 mysterio
1167 541 1331 583 edoctos,
1353 549 1584 589 susceptaque
1615 540 1849 590 redemptoris
1878 543 2052 590 praedica-

378 605 489 646 tione,
509 616 722 651 quamquam
745 603 839 637 omni
863 611 954 636 motu
977 610 1082 650 atquc
1105 602 1304 649 operatione
1329 610 1507 644 carentes,
1528 610 1562 636 et
1583 601 1679 636 omni
1701 601 1914 647 agendarum
1935 616 2052 637 rerum

373 680 431 713 spe
459 665 635 712 deposita,
659 672 809 698 attamen
839 671 949 710 gratos
979 663 1058 697 huic,
1088 671 1156 697 tani
1185 662 1366 710 splendido
1397 662 1594 710 eximi0que
1624 662 1817 705 beneficio,
1839 676 2051 710 magnopere

374 726 497 774 impios
521 725 738 771 obiurgasse3
767 733 939 771 tamquam
961 724 988 757 si
1012 737 1081 757 una
1105 737 1186 758 cum
1206 723 1408 758 viventibus
1431 724 1560 758 iniuria
1583 723 1839 769 adficere111ur3
1860 724 1913 758 vel
1933 724 2052 771 potius

374 800 495 821 corum
516 786 575 834 qui
599 785 634 819 iu
656 785 927 833 Redemptorem
948 784 1135 831 blasphemi
1160 793 1279 826 erant,
1300 784 1486 819 audaciam
1508 798 1579 819 non
1603 786 1767 819 serentes.
1790 783 1937 819 Prorsus
1960 784 2054 818 enim

375 848 416 881 ol)
444 847 629 894 impietatis
657 860 738 880 suae
759 845 943 880 cumulum
957 872 965 886 ,
987 858 1029 878 ne
1051 844 1178 878 animas
1200 844 1345 893 quidem
1367 854 1671 892 praemortuorum
1692 845 1734 879 ab
1757 844 1951 879 idololatria
1972 844 2054 878 libc-

374 908 509 942 rabum.
539 907 763 955 Quapropter
783 906 921 939 videtur
942 904 1028 939 mihi
1050 913 1082 939 et
1104 904 1245 939 illorum
1265 914 1379 939 reatus
1402 906 1542 952 augeri,
1565 915 1597 941 et
1619 906 1742 941 maiori
1763 914 1801 940 ut
1821 919 1883 953 par
1905 914 1955 940 est
1978 920 2054 953 poe-

375 984 438 1003 nacv
462 969 633 1003 obnoxius
663 967 749 1001 ficri.
780 966 852 1001 Sed
882 965 978 1000 enim
1006 979 1069 1000 nos
1098 966 1150 1000 his
1180 965 1333 1007 omissis,
1354 966 1413 1013 qui
1441 966 1599 1001 vivorum
1623 981 1735 1015 aeque
1764 980 1802 1001 ac
1831 975 2054 1001 mortuorum

376 1028 508 1062 iudicio
533 1028 765 1067 damnantur,
788 1026 829 1060 ad
854 1034 1056 1073 susceptum
1080 1025 1297 1073 propositum
1321 1034 1557 1069 revertentes,
1580 1026 1715 1075 reliqua
1739 1039 2000 1074 persequamur.

483 1088 535 1134 ἧίὶ.
567 1088 655 1121 Nam
677 1096 850 1134 quatenus
872 1094 921 1120 est
943 1086 1102 1132 gentium
1123 1100 1202 1128 rex,
1223 1086 1472 1134 promissiones
1495 1086 1643 1121 subditis
1666 1087 1795 1129 edicit,
1818 1088 1917 1136 quasi
1943 1101 2055 1136 quan-

374 1149 452 1183 dam
479 1148 798 1183 remunerationem
822 1161 862 1181 ac
884 1147 1075 1194 praemium
1103 1146 1183 1181 fidei
1205 1160 1283 1193 erga
1305 1146 1423 1194 ipsum
1448 1156 1553 1195 atque
1583 1147 1823 1193 obedientiaeg
1847 1161 1952 1195 quain
1981 1161 2053 1182 rem

372 1210 495 1244 audire
518 1224 641 1258 operae
663 1209 816 1257 pretium
838 1216 890 1242 est
910 1209 936 1243 *ἦ
959 1214 982 1228 “
1007 1207 1130 1242 Faciet
1152 1208 1267 1250 enim,
1288 1208 1420 1257 inquit,
1442 1208 1603 1243 dominus
1625 1208 1726 1244 Deus
1748 1209 1889 1243 sabaoth
1912 1209 2054 1243 cunctis

377 1300 399 1307 ..
428 1271 591 1317 gentibus
621 1285 726 1319 super
746 1278 867 1304 monte
888 1269 973 1305 hoc:
997 1269 1119 1303 bibent
1146 1269 1337 1312 laetitiam,
1359 1270 1480 1304 hibent
1505 1270 1650 1313 vinum,
1673 1278 1855 1316 unguento
1883 1269 2055 1304 linientur

377 1360 398 1369 ,,
428 1331 463 1365 in
492 1340 608 1366 monte
638 1330 714 1365 isto.
740 1358 762 1373 „
784 1330 860 1376 Age
888 1344 966 1364 vero
996 1329 1172 1378 numquid
1199 1330 1329 1365 horum
1356 1344 1451 1378 spem
1474 1330 1624 1366 fefellit?
1652 1329 1764 1365 Immo
1793 1330 1976 1365 manifeste
1998 1330 2053 1364 his

372 1392 505 1434 verbis,
533 1405 630 1426 sacra
659 1391 824 1438 mysteria
851 1390 959 1424 divini
988 1390 1072 1424 doni
1100 1390 1297 1438 gratiaeque
1325 1390 1515 1437 docemurg
1543 1404 1668 1438 nempe
1699 1391 1841 1439 pretiosi
1869 1390 2054 1437 sanguinis

374 1452 554 1486 servatoris
581 1451 689 1485 nostri
713 1450 845 1485 Christi
876 1450 1194 1498 participationem,
1218 1459 1250 1484 et
1278 1450 1387 1484 divini
1412 1451 1537 1485 lavacri
1565 1451 1899 1496 sanctificationemg
1923 1450 2054 1498 quihus

374 1513 528 1560 profecto
551 1512 635 1560 quid
656 1511 854 1547 iucundius
883 1511 1011 1559 quidve
1039 1511 1194 1546 (livinius
1216 1511 1259 1545 sit
1279 1510 1323 1545 ad
1345 1511 1455 1546 animi
1482 1511 1650 1546 laetitiam
1679 1520 1712 1546 et
1739 1510 2054 1546 illuminationem?

374 1572 467 1607 Hinc
497 1573 613 1607 denuo
640 1571 782 1606 mandat
805 1571 871 1605 illis
894 1580 932 1606 ut
953 1571 995 1605 dc
1017 1571 1170 1606 vocantis
1195 1571 1439 1606 munificentia
1459 1571 1659 1614 laetentur,
1681 1571 1802 1606 dicens
1823 1572 1858 1607 *z
1880 1577 1902 1591 “
1926 1570 2054 1605 laetare

377 1662 399 1676 ,.
430 1634 578 1675 sterilis,
600 1647 689 1681 quae
718 1647 788 1667 non
816 1633 926 1680 paris}
952 1646 1096 1680 erumpe
1119 1640 1153 1667 et
1176 1631 1307 1675 clama,
1330 1647 1419 1681 quae
1447 1646 1518 1667 non
1545 1632 1715 1680 parturis3
1738 1632 1819 1680 quia
1847 1631 1967 1680 plures
1992 1631 2055 1666 filii

377 1723 399 1733 .,
428 1694 610 1735 desertae,
632 1708 737 1742 quam
765 1695 839 1728 eius
867 1708 957 1742 quae
986 1694 1089 1728 habet
1116 1694 1242 1730 virum.
1268 1721 1290 1736 ,‚
1313 1692 1387 1727 Iam
1407 1702 1441 1728 et
1464 1707 1635 1742 quaenam
1663 1693 1752 1728 bona
1781 1693 1815 1727 hi
1842 1693 1903 1741 qui
1931 1693 1973 1728 ad
2000 1707 2054 1727 vo-

375 1756 518 1790 cationis
540 1755 682 1801 gratiam
704 1755 949 1789 concurrerint
971 1754 1039 1789 sint
1055 1753 1218 1796 relaturi,
1236 1753 1338 1788 facile
1361 1767 1574 1801 cognoscens
1595 1753 1743 1802 quilibet
1760 1753 1854 1788 dicet
1870 1755 1907 1790 *ἢ
1926 1760 1948 1775 “
1971 1762 2054 1788 tein-

378 1845 399 1859 .,
430 1831 512 1865 pore
535 1817 592 1851 illo
613 1817 818 1851 adferentur
840 1816 928 1850 dona
950 1815 1107 1850 Domino
1130 1816 1272 1850 sabaoth
1293 1823 1362 1850 tam
1381 1829 1400 1850 a
1419 1815 1546 1863 populo
1566 1815 1706 1850 adflicto
1728 1824 1762 1850 et
1784 1815 1930 1857 misero,
1949 1828 2055 1863 quam

378 1906 399 1916 .,
429 1892 446 1911 a
476 1877 601 1925 populo
632 1891 777 1923 magnog
804 1891 845 1911 ex
865 1877 930 1912 hoc.
955 1885 987 1911 et
1009 1891 1117 1924 usque
1140 1876 1175 1910 in
1196 1885 1380 1911 aeternum
1399 1885 1545 1924 tempus.
1572 1905 1595 1919 „
1616 1875 1718 1911 Dona
1741 1884 1858 1911 autem
1878 1889 2054 1924 quaenam

376 1938 640 1985 intelligantur,
663 1939 732 1972 nisi
759 1938 900 1973 omnino
922 1938 1033 1973 laudis
1054 1937 1204 1986 spiritale
1228 1937 1463 1979 sacrificium,
1486 1946 1518 1972 et
1539 1938 1714 1973 rationalis
1738 1937 1853 1973 cultus
1874 1952 1890 1972 a
1914 1936 2054 1972 cunetis

375 2000 436 2047 qui
466 2008 546 2034 sunt
571 2000 605 2033 in
632 1999 776 2034 ecclesia
804 1999 941 2047 populis
962 1998 1038 2033 Deo
1061 1999 1258 2045 adhibitusg
1284 2012 1389 2048 quem
1416 1999 1473 2033 ille
1500 1999 1608 2034 veluti
1629 1999 1771 2033 odorem
1798 1999 1977 2033 suavitatis
2001 2012 2055 2032 ex-

378 2060 487 2107 cipit?
516 2059 622 2105 Quod
644 2068 760 2094 autem
785 2060 863 2107 ipsis
886 2060 1029 2106 gratiam
1054 2059 1278 2101 redditurus,
1301 2059 1475 2108 donisque
1501 2073 1561 2094 eos
1582 2068 1871 2094 remuneraturus
1894 2059 1959 2100 sit,
1980 2072 2055 2092 rur-

375 2133 430 2154 sus
453 2120 539 2155 dicit
557 2122 590 2156 *ἢ
611 2127 632 2140 ’·“
657 2120 829 2154 adducam
852 2120 928 2154 illos
952 2120 989 2154 in
1011 2129 1168 2155 montem
1190 2129 1353 2155 sanctum
1375 2133 1513 2162 meum,
1535 2128 1569 2154 et
1590 2120 1792 2154 iucundabo
1813 2133 1870 2154 eos
1894 2119 1929 2153 in
1950 2119 2054 2153 domo

378 2209 401 2222 ‚‚
430 2181 594 2215 orationis
616 2195 727 2216 meae:
749 2181 948 2215 holocausta
972 2195 1092 2215 eorum
1113 2181 1338 2228 acceptabilia
1361 2189 1462 2215 erunt
1479 2181 1576 2215 altari
1596 2194 1684 2216 meo.
1706 2180 1797 2215 Nam
1815 2180 1939 2215 domus
1959 2193 2052 2220 mea,

378 2270 400 2276 ..
429 2241 550 2275 domus
579 2241 746 2275 orationis
775 2242 954 2275 vocabitur
983 2242 1122 2276 cunctis
1151 2242 1326 2288 gentibus.
1357 2270 1379 2284 ,‚
1407 2241 1521 2276 Porro
1550 2241 1645 2277 haud
1674 2241 1824 2277 arbitror
1853 2241 1889 2275 in
1919 2248 2052 2275 tautam

373 2302 506 2335 vonisse
535 2302 709 2336 insaniam
737 2316 907 2336 novorum
936 2302 1195 2337 iudaizantium
1221 2301 1372 2350 aliquos.
1396 2310 1434 2337 ut
1462 2311 1587 2350 putent
1611 2302 1796 2350 praedietis
1823 2301 1938 2336 verbis
1967 2300 2055 2335 loca-

372 2362 442 2396 lem
470 2362 710 2396 tantummodo
738 2363 830 2410 apud
860 2362 1099 2410 Hierosolyma
1129 2363 1265 2397 cultum
1292 2363 1462 2397 denotari.
1491 2362 1582 2398 Nam
1609 2363 1685 2411 quis
1706 2363 1752 2397 ita
1772 2362 1815 2396 sit
1842 2370 2052 2401 contumax,

373 2430 556 2471 postquam
576 2437 614 2457 ex
637 2436 782 2470 persona
811 2423 1016 2457 universalis
1038 2422 1106 2457 Dei
1129 2423 1260 2458 iamdiu
1283 2424 1470 2472 prophetae
1502 2423 1755 2465 clamaverunt,
1779 2422 1834 2456 illa
1863 2421 2054 2456 immolato·
2075 2462 2082 2466 ‚

375 2496 455 2517 rum
482 2483 690 2518 animalium
714 2492 744 2517 et
771 2484 929 2519 carnium
951 2484 1075 2519 abolita
1106 2498 1180 2519 esse
1203 2498 1243 2521 ac
1266 2484 1446 2532 repudiata
1466 2484 1648 2526 sacrificia,
1670 2484 1793 2531 hisque
1820 2483 2054 2517 substitutum

377 2545 512 2579 cultum
541 2544 725 2579 hominum
753 2544 870 2579 Deum
900 2546 1137 2580 invocantium
1167 2554 1199 2580 et
1227 2547 1262 2580 in
1292 2546 1416 2594 spiritu
1447 2545 1743 2581 sacrificantium?
1771 2552 1792 2565 ‘⁸
1821 2544 1917 2590 Quid
1945 2544 2051 2581 milii.

381 2635 404 2648 „
434 2606 549 2654 inquit
565 2607 584 2625 ᾖ
601 2606 856 2642 sacrificiorum
877 2616 1066 2641 vestrorum
1089 2607 1297 2644 multitudo.
1315 2608 1362 2642 ait
1379 2606 1575 2642 Dominus?
1593 2607 1717 2654 plenus
1740 2620 1834 2652 sum3
1853 2606 2054 2641 holocausta

381 2695 403 2709 ‚‚
433 2666 605 2707 arietum,
632 2675 662 2699 et
694 2666 831 2713 adipem
860 2680 1050 2712 agnorum,
1078 2677 1111 2702 ct
1140 2668 1352 2714 sanguinem
1380 2676 1559 2702 taurorum
1587 2676 1691 2715 atque
1720 2667 1903 2701 hircorum
1930 2681 2054 2701 renuo.

381 2755 404 2769 ‚‚
433 2726 522 2773 Quis
545 2727 637 2761 enim
659 2727 741 2761 haec
765 2726 806 2761 dc
829 2728 990 2762 manibus
1012 2728 1133 2763 vestris
1155 2729 1361 2777 requisivit?
1383 2727 1593 2763 Neomenias
1613 2742 1695 2762 vero
1717 2736 1749 2762 et
1770 2728 1907 2762 sabbata
1927 2742 1962 2762 se
1985 2727 2054 2762 iam

381 2816 403 2830 ,‚
430 2802 503 2822 non
526 2787 597 2836 pati
618 2787 780 2823 declarat.
807 2815 829 2829 ‚‚
853 2786 957 2822 Sicut
979 2789 1081 2823 etiam
1101 2789 1273 2837 psalmista
1296 2789 1417 2837 spiritu
1439 2788 1671 2837 praeveniens
1690 2789 1832 2837 scripsit
1851 2791 1886 2825 *ξε
1905 2796 1928 2810 “
1950 2788 2055 2824 sacri-

383 2877 403 2890 „
431 2849 553 2884 ficium
572 2857 605 2884 et
624 2848 836 2884 oblationem
858 2848 1017 2893 noluisti,
1037 2850 1234 2886 holocausta
1255 2865 1315 2899 pro
1333 2858 1475 2899 peccato
1495 2864 1565 2886 non
1587 2849 1779 2899 postulasti.
1801 2850 2000 2899 „Itemque
2017 2851 2054 2886 *ἐς
