2203 3331
336 145 407 179 ²200
936 151 965 173 s.
993 150 1166 173 siceruoiu
1192 149 1430 172 APOLOGEthts

340 207 552 255 intelligitur
578 219 726 253 superna
756 203 1001 249 Hierusalem,
1025 206 1125 241 cuius
1155 205 1268 253 opifex
1299 204 1530 252 conditorque
1552 202 1675 249 Deus,
1697 204 1735 240 in
1764 220 1831 254 qua
1859 207 2031 256 1111111οὲ0-

340 272 495 305 111101·11111
517 267 685 309 ecclesia,
709 267 770 315 qui
795 267 830 301 in
855 267 957 302 caelis
980 276 1062 302 sunt
1084 266 1295 314 conscripti,
1317 279 1400 300 cum
1422 266 1586 314 supernis
1607 266 1674 302 illis
1698 268 1929 316 potestatibus
1950 284 2030 305 con-

337 339 502 366 versatur.
531 328 659 376 Populi
687 342 830 376 quoque
860 328 914 363 sui
943 329 1180 376 captivitatem
1208 334 1407 373 convertet3
1435 326 1625 361 cuiusnam
1651 341 1734 363 vero
1764 337 1799 363 et
1827 329 2028 377 quomodo,

338 390 556 427 audiendum
580 398 640 425 est.
670 388 817 424 Eramus
841 390 938 424 enim
960 404 1078 425 revera
1102 390 1184 424 olim
1205 403 1270 424 nos
1292 389 1473 431 homiues,
1496 388 1663 423 creatoris
1685 389 1896 438 dominique
1920 392 2030 426 nostri

338 452 467 499 ignari,
487 459 639 485 nostram
663 463 746 485 cum
769 450 827 485 illo
850 451 1151 485 necessitudinem
1170 451 1401 497 abnegantes,
1421 457 1454 484 et
1474 450 1516 484 ab
1539 449 1616 484 eius
1638 450 1803 499 obsequio
1825 451 1929 498 longe
1950 452 2031 486 alie-

336 513 410 549 nati
438 520 580 561 propter
609 520 788 560 stuporem
816 520 978 546 nostrum
1007 512 1042 546 in
1073 511 1248 559 pcccatis,
1272 519 1306 545 et
1327 510 1574 545 dominantem
1602 510 1702 545 nobis
1730 511 1859 546 diaboli
1886 512 2029 548 dolum:

334 573 500 621 suppositi
524 581 644 608 autem
664 572 774 608 1105115
798 573 898 619 iugo,
919 586 983 607 0011
1006 573 1180 620 mancipia
1202 581 1234 607 et
1256 572 1383 620 captivi
1406 571 1479 606 eius
1502 571 1643 606 arbitrio
1665 571 1796 615 dediti,
1819 573 1879 620 qui
1900 586 2029 621 nempe

335 635 492 669 libertate
518 633 661 676 amissa,
685 630 814 668 servire
842 633 908 681 ipsi
933 634 1156 679 cogebamur.

439 694 512 729 Sed
541 695 623 742 quia
652 695 728 729 fieri
757 708 830 729 non
860 702 998 743 poterat
1020 694 1106 742 quin
1128 693 1227 729 Deus
1249 693 1442 729 clementer
1472 702 1664 729 creaturam
1687 706 1788 728 suam
1813 693 2029 741 respiceret,

335 756 497 804 apparuit
529 755 752 803 redemptor,
783 755 843 789 cui
870 769 988 803 neque
1019 755 1230 789 muneribus
1257 769 1372 803 neque
1404 754 1518 803 pretio
1548 768 1636 802 opus
1669 762 1740 789 erat
1773 762 1940 797 externo,
1969 755 2030 789 sed

335 825 443 851 semet
469 817 583 865 ipsum
612 816 822 857 exinanivit,
850 816 1003 863 pretium
1031 815 1116 850 dans
1144 814 1395 863 redemptionis
1424 829 1486 863 pro
1514 815 1618 850 nobis
1646 815 1814 850 omnibus
1843 815 2030 863 proprium

334 877 543 923 sanguinem
570 877 750 911 vivificum
771 890 811 910 ac
833 876 1043 921 salutarem,
1066 884 1099 910 et
1127 875 1290 923 passione
1320 889 1361 910 ac
1385 889 1490 910 cruce
1518 889 1581 924 pro
1609 875 1712 910 nobis
1736 875 1902 918 tolerata,
1925 875 1962 910 in
1985 875 2031 910 al-

336 947 412 973 tum
440 938 669 981 conscendit,
694 946 726 971 et
748 936 934 984 captivavit
958 944 1168 971 convertens
1191 936 1425 984 captivitatem
1444 945 1619 982 nostram,
1644 936 1798 985 eripiens
1818 950 1941 985 reapse
1963 950 2030 971 nos

335 1002 512 1036 chaldaica
541 1001 732 1036 noxiorum
760 1000 974 1035 daemonum
1001 1008 1192 1047 potestate,
1213 999 1423 1048 barbarique
1451 999 1700 1035 intellectualis
1725 1000 1892 1048 dynastae
1920 1013 2030 1035 manu

334 1076 476 1105 eruens,
496 1061 752 1109 adquisivitque
774 1075 835 1095 1105
857 1060 1028 1108 populum
1050 1060 1283 1109 peculiarem,
1305 1074 1362 1095 eos
1383 1059 1549 1095 videlicet
1573 1061 1634 1108 qui
1652 1075 1716 1109 per
1734 1060 2030 1095 illuminationem

332 1136 372 1156 ac
403 1122 506 1156 fidem
535 1123 710 1156 sinceram
738 1129 943 1169 rectamque
972 1121 1015 1155 ad
1039 1121 1114 1156 eius
1143 1121 1368 1156 dominatum
1391 1120 1639 1167 confugerint3
1663 1135 1812 1168 regnans
1840 1121 2032 1169 imperans-

332 1198 400 1230 que
430 1183 532 1217 nobis
553 1197 616 1230 per
639 1182 790 1217 saecula.
820 1181 1013 1217 Discredet
1032 1191 1155 1217 autem
1175 1195 1301 1225 nemo,
1323 1181 1393 1216 nisi
1413 1182 1475 1230 qui
1497 1183 1585 1217 forte
1613 1182 1753 1217 iudaica
1774 1181 2032 1216 incredulitate

333 1253 367 1278 ct
399 1244 621 1292 impudentia
649 1244 807 1286 laborat,
835 1243 1008 1279 abolitum
1036 1243 1122 1278 illud
1151 1257 1276 1291 gerens
1303 1244 1417 1279 adhuc
1447 1244 1484 1278 in
1511 1243 1627 1278 anima
1654 1243 1794 1286 velum,
1822 1243 2030 1291 litteraeque

332 1305 522 1339 crassitiem
551 1304 716 1339 nondum
744 1304 862 1339 volens
883 1304 925 1339 de
949 1304 1054 1339 corde
1077 1318 1140 1339 suo
1161 1304 1327 1339 abradere
1343 1332 1351 1347 ,
1373 1303 1525 1353 ideoque
1547 1304 1583 1338 in
1606 1304 1725 1339 divina
1748 1303 1915 1352 mysteria
1942 1317 2031 1338 non-

331 1365 418 1399 dum
440 1365 671 1413 introspicere
695 1365 834 1412 dignus.
862 1364 968 1411 Quod
991 1365 1018 1400 si
1039 1365 1118 1414 quis
1140 1365 1336 1400 dubitando
1359 1364 1473 1407 dicat,
1496 1365 1743 1413 propheticum
1763 1377 1964 1399 sermonem
1985 1364 2032 1398 af-

332 1427 472 1460 firmare
485 1455 493 1468 ,
511 1427 583 1460 sore
606 1426 787 1460 hominem
809 1425 992 1474 quendam
1012 1426 1075 1474 qui
1095 1425 1312 1460 Iudaeorum
1333 1425 1575 1473 principatum
1593 1425 1770 1471 obtineat,
1786 1424 1846 1459 hie
1868 1438 1886 1459 a
1907 1424 2030 1465 nobis,

331 1487 439 1521 11111110
464 1488 506 1522 ab
529 1488 600 1535 ipsa
620 1487 763 1521 veritate
785 1487 927 1530 audiet,
948 1486 1152 1522 secundum
1173 1487 1281 1535 ipsius
1303 1500 1422 1522 sacrae
1443 1486 1578 1522 litterae
1602 1486 1849 1528 traditionem,
1870 1493 1950 1533 post
1971 1484 2031 1520 Iu-

334 1549 504 1583 daeorum
526 1547 706 1597 Babylone
728 1547 904 1591 reditum,
926 1548 1108 1582 neminem
1129 1548 1224 1596 apud
1248 1562 1304 1582 eos
1327 1562 1493 1596 apparere
1516 1548 1579 1596 qui
1600 1548 1736 1595 regium
1756 1547 1939 1589 diadema,
1959 1560 2031 1594 quo

333 1618 435 1644 antea
456 1623 553 1656 reges
576 1609 900 1655 inaugurabantur,
922 1609 1126 1655 gestaverit,
1146 1608 1202 1643 vel
1222 1608 1348 1655 regalis
1368 1608 1552 1655 dignitatis
1575 1616 1760 1656 sceptrum
1780 1607 1959 1653 tenuerit3
1979 1606 2029 1642 510

333 1670 502 1705 1111111111111
530 1669 717 1705 universali
737 1668 817 1704 Deo
842 1683 904 1717 per
931 1669 1181 1717 prophetarum
1206 1682 1328 1704 vocem
1355 1669 1424 1703 iam
1451 1669 1631 1717 praesatog
1656 1667 1716 1703 sed
1742 1668 1810 1703 sub
1838 1667 1958 1716 populi
1979 1681 2032 1702 re-

335 1732 491 1766 ctoribus
519 1745 557 1765 ac
578 1729 820 1765 sacerdotibus
843 1729 974 1764 deinde
997 1743 1106 1778 remp.
1127 1729 1231 1764 fuisse
1255 1729 1515 1777 cognoscimus.
1543 1728 1651 1764 Unde
1680 1737 1839 1772 constat,
1861 1727 1956 1763 haud
1984 1727 2029 1762 de

191 1820 195 1827 s
243 1809 296 1828 .7·.
334 1793 399 1827 1130
427 1792 529 1827 nobis
557 1792 753 1840 captivitate
781 1791 991 1839 babylonica
1020 1804 1160 1826 sacrum
1187 1804 1385 1826 sermonem
1412 1790 1530 1839 loqui:
1553 1803 1666 1838 quum
1693 1789 1738 1824 sit
1765 1789 1982 1837 exploratum
2009 1803 2029 1824 a

334 1853 466 1901 quibus
488 1861 521 1887 et
543 1866 613 1901 qua
634 1852 767 1887 ratione
790 1851 915 1886 Iudaei
936 1851 1146 1900 babylonica
1167 1851 1365 1887 calamitate
1387 1851 1523 1886 liberati
1546 1851 1582 1885 in
1605 1849 1841 1885 Palaestinam
1862 1850 2030 1898 postlimi-

331 1914 392 1948 nio
414 1913 605 1956 redierint,
624 1913 716 1947 sicut
734 1912 771 1946 in
792 1912 931 1947 illarum
950 1926 1071 1947 rerum
1087 1912 1243 1947 historiis
1263 1912 1447 1960 perspicue
1467 1911 1682 1959 descriptum
1705 1919 1763 1946 est.
1786 1909 2028 1956 Quamobrem

312 1976 376 2009 «de
414 1974 627 2023 temporibus
660 1973 727 2008 illis
756 1974 965 2022 prophetica
996 1974 1100 2008 effata
1132 1973 1355 2021 intelligere,
1386 1987 1458 2008 non
1494 1982 1545 2007 est
1576 1971 1704 2007 rationi
1735 1980 2026 2007 consentaneum.

333 2034 432 2080 Quae
456 2049 535 2069 vero
566 2043 601 2069 et
622 2034 776 2077 scimus,
802 2042 835 2068 et
859 2034 1039 2069 credimus
1054 2062 1062 2077 ,
1085 2042 1120 2068 et
1140 2042 1257 2082 patres
1278 2035 1389 2068 nostri
1410 2033 1516 2068 nobis
1542 2041 1795 2075 narraverunt,
1818 2032 1949 2081 quibus
1973 2032 2029 2067 fir-

332 2095 434 2130 miter
461 2096 615 2143 apprime
646 2095 849 2138 innitimur,
877 2096 963 2130 haec
991 2095 1258 2143 praedicamus,
1285 2108 1411 2142 nempe
1438 2108 1503 2129 nos
1532 2108 1603 2129 esse
1632 2094 1708 2129 illos
1738 2108 1826 2142 quos
1854 2092 1955 2128 Deus
1983 2093 2028 2128 de

332 2157 496 2203 gentibus
525 2157 593 2191 sihi
614 2156 804 2198 adunavit,
828 2157 892 2205 qui
915 2165 1115 2191 constanter
1141 2157 1178 2191 in
1209 2170 1289 2191 eum
1318 2164 1516 2204 sperantes,
1540 2155 1712 2203 redempti
1740 2169 1759 2190 a
1782 2154 1936 2189 Domino
1963 2155 2028 2189 fui-

332 2230 432 2259 mus,
454 2231 540 2264 quos
569 2217 610 2251 de
636 2217 863 2252 invisibilium
894 2217 1123 2252 inimicorum
1151 2231 1255 2251 manu
1285 2216 1438 2265 eripuit,
1461 2225 1495 2251 et
1523 2231 1541 2251 a
1569 2216 1798 2251 tenebrarum
1824 2215 2026 2263 regionibus

332 2278 521 2325 mortisque
551 2279 675 2312 umbra
703 2278 842 2325 collegit
872 2292 913 2312 cx
943 2278 1078 2313 oriente
1108 2286 1142 2313 et
1170 2292 1320 2321 occasu,
1341 2278 1505 2326 aquilone
1535 2286 1570 2312 et
1596 2277 1702 2321 mari,
1724 2277 1865 2312 deserto
1894 2285 1928 2311 et
1955 2277 2027 2311 ina-

331 2351 440 2385 quoso
464 2338 726 2373 incredulitatis
749 2339 824 2373 loco
839 2367 847 2382 ,
871 2339 981 2373 hostis
1004 2339 1114 2373 nostri
1135 2339 1268 2374 artibus
1283 2367 1290 2381 ,
1314 2338 1537 2373 errabundos
1560 2338 1663 2381 olim,
1687 2346 1721 2373 et
1743 2337 1952 2372 salutaribus
1973 2350 2026 2371 re-

331 2407 409 2432 ctae
433 2397 610 2445 religionis
640 2399 786 2434 lluentIS
813 2399 987 2446 privatos,
1016 2399 1144 2448 quibus
1172 2400 1314 2447 gratiam
1339 2399 1478 2434 divinae
1506 2399 1694 2446 agnitionis
1723 2397 1898 2446 desuper,
1924 2396 2025 2432 beni-

330 2459 473 2506 gnitatis
497 2473 579 2494 suae
604 2459 779 2494 imbribus
805 2460 950 2507 largitus
977 2469 1037 2496 est.

436 2518 542 2565 Quod
572 2534 652 2565 ergo
674 2534 858 2555 sessurum
880 2536 955 2556 esse
984 2536 1091 2570 super
1111 2520 1256 2556 Davidis
1284 2522 1409 2556 throno
1432 2520 1657 2555 Servatorem
1678 2533 1696 2554 a
1719 2519 1927 2568 prophetico
1954 2533 2025 2554 ser-

332 2594 434 2615 mone
456 2580 676 2628 praedictum
698 2582 821 2624 suerit,
841 2582 941 2617 divus
962 2583 1106 2629 angelus
1127 2583 1180 2617 his
1202 2582 1337 2617 insanis
1358 2581 1587 2630 persuadeat3
1608 2581 1679 2615 nisi
1697 2581 1783 2615 sorte
1806 2594 1919 2615 sacras
1939 2595 2024 2629 quo-

330 2655 400 2689 que
429 2641 712 2687 evangeliorum,
733 2649 772 2675 ut
799 2641 880 2676 alias
903 2643 1015 2677 saneti
1037 2642 1214 2690 Spiritus,
1236 2642 1435 2677 locutiones
1464 2649 1709 2677 contemnunt.
1738 2640 1876 2689 Nempe
1900 2640 1958 2676 ille
1979 2641 2024 2676 de

332 2702 425 2736 caelo
445 2701 611 2743 veniens,
633 2710 667 2736 et
689 2701 932 2737 immaculatae
957 2717 1165 2752 semperque
1187 2704 1314 2750 virgini
1336 2703 1458 2746 matri,
1481 2702 1679 2738 communis
1702 2702 1810 2737 totius
1831 2702 1957 2737 mundi
1978 2717 2026 2737 sa-

329 2761 412 2796 lutis
433 2762 607 2797 nuncium
627 2762 846 2809 significans,
867 2776 950 2798 eum
971 2778 1076 2811 quem
1098 2765 1172 2812 ipsa
1194 2765 1352 2812 paritura
1374 2773 1448 2799 erat
1467 2762 1688 2798 Servatorem
1710 2763 1890 2806 omnium,
1910 2763 2025 2798 filium

331 2819 500 2857 Attissimi
527 2830 690 2857 vocatum
715 2822 759 2857 iri
786 2823 1041 2870 proclamabat,
1066 2832 1099 2858 et
1128 2823 1272 2860 Davidis
1302 2825 1468 2859 thronum
1496 2831 1775 2872 occupaturum,
1798 2836 2022 2872 regnumque
