2203 3331
390 159 455 192 190
977 164 1005 186 s.
1032 164 1203 187 Ntcffl‘nom
1231 163 1464 186 Aroroofflicrs

384 222 535 269 denique
558 218 780 265 excogitanda
802 225 853 253 est
874 231 926 252 ars
950 219 1123 267 quaedam
1143 227 1176 253 et
1196 217 1448 253 vocabulorum
1468 226 1544 266 apta
1568 220 1771 267 compositio
1785 249 1793 263 ,
1815 221 1857 256 ad
1880 221 1981 257 buius
2010 237 2058 258 ar-

385 281 543 331 gumenti
563 277 906 314 demonstrationem.
928 278 1019 314 Nam
1041 279 1223 315 doctrinae
1245 279 1351 313 huius
1373 278 1578 326 simplicitas
1600 281 1772 316 rectitudo
1794 290 1898 330 atque
1921 283 2058 318 eviden-

384 344 451 384 tia,
474 355 545 375 non
575 340 665 375 sinet
695 348 732 375 ut
759 339 818 373 alii
845 339 988 388 quidem
1016 339 1086 382 sic,
1109 339 1167 374 alii
1188 353 1269 374 vcro
1296 339 1394 374 aliter
1421 339 1560 374 curiose
1588 340 1820 389 disquirentes
1848 343 1934 378 haec
1958 343 2057 378 intel-

385 404 512 450 ligant,
535 413 711 448 suumque
741 399 870 446 singuli
897 414 1040 448 scopum
1070 408 1275 448 sequentes,
1297 399 1476 434 veritatem
1504 399 1711 448 dispcllant,
1736 410 1770 436 ct
1798 403 2055 450 propositorum

385 463 569 498 verborum
597 460 716 495 sensui
744 460 813 494 vim
840 460 990 502 saciamt,
1015 474 1165 507 eumque
1195 459 1363 494 malitiose
1392 459 1653 507 distorqueant,
1681 470 1783 509 atque
1813 462 1855 497 ad
1884 464 2057 511 propriam

384 523 598 557 voluntatem
626 520 795 555 violenter
815 519 1101 562 accommodent,
1124 519 1218 568 quod
1247 533 1342 554 nunc
1364 519 1401 553 bi
1422 519 1594 554 mundani
1623 521 1801 564 homines,
1823 530 1856 556 et
1879 523 1958 557 mali
1979 523 2059 558 dae-

384 582 496 618 monis
521 581 663 616 arbitrio
688 580 886 627 subiugati,
908 580 1052 615 faciunt.

486 641 587 688 Quae
615 654 696 676 cum
723 641 770 675 ita
793 655 826 675 se
848 641 1000 675 habeant
1015 668 1022 682 ,
1045 654 1114 688 quo
1145 640 1211 674 iam
1235 654 1341 675 sensu
1372 649 1477 675 erunt
1498 641 1535 674 hi
1557 642 1618 688 qui
1643 641 1808 676 wisualem
1829 642 1965 677 animae
1990 643 2058 677 vim

383 702 625 744 obtuderunt,
652 715 827 749 auresque
855 700 897 734 ad
925 699 1035 734 divini
1064 699 1219 747 Spiritus
1247 713 1347 734 voces
1376 701 1599 748 oppilaruuti’
1626 701 1687 748 qui
1714 709 1811 735 tanto
1840 702 1991 750 stuporis
2018 716 2058 737 ac

384 762 550 798 stultitiae
580 762 700 796 morbo
722 761 959 808 premuntur?
987 758 1078 793 Hem
1101 759 1194 793 caeci
1215 760 1359 807 aspicite
1374 788 1381 802 ,
1405 769 1438 795 et
1466 761 1561 795 surdi
1590 761 1728 796 audite!
1758 761 1849 806 Quis
1870 770 1989 796 autem
2011 763 2057 796 ita

384 822 560 865 caecutit,
582 831 616 856 et
637 821 712 856 visu
737 828 856 868 captus
886 828 957 862 est,
978 819 1031 853 vel
1052 820 1094 853 ob
1115 819 1248 854 animae
1271 821 1523 868 corruptelam,
1547 821 1749 856 caelestium
1772 835 1972 856 sermonum
1996 836 2058 857 nos

386 883 633 919 illustrantium
658 881 852 929 lampadem
873 894 942 914 non
964 879 1115 927 recipit?
1144 878 1236 925 Quis
1263 880 1308 915 ita
1336 881 1462 915 surdus
1484 890 1517 915 et
1538 881 1734 923 insensilis,
1757 882 1816 929 qui
1843 882 1903 917 has
1927 882 2058 917 divinas

385 958 482 979 voces
510 951 580 977 tam
607 943 696 977 clare
719 941 819 976 nobis
841 949 945 988 atque
968 940 1094 974 diserte
1118 939 1290 974 idolorum
1318 941 1528 976 maleficium
1549 942 1743 990 antiquitus
1766 942 2036 977 inclamantium
2051 972 2058 980 ,

384 1005 463 1052 quis
492 1018 547 1039 eas
569 1003 710 1050 inquam
731 1001 919 1036 materialis
950 1000 1189 1035 crassitudinis
1210 1001 1363 1035 tenebris
1392 1001 1590 1050 implicatus
1618 1003 1753 1037 reiiciat
1768 1031 1775 1045 ,
1799 1011 1832 1037 et
1853 1017 1922 1037 non
1945 1004 2059 1050 potius

385 1064 580 1100 auscultare
608 1063 714 1098 velit?
742 1062 836 1096 Haec
863 1060 1051 1103 videlicet,
1075 1060 1212 1095 etiamsi
1239 1061 1397 1096 homines
1423 1062 1522 1097 silere
1550 1063 1681 1105 velint,
1703 1063 1829 1110 lapides
1858 1072 1971 1098 tamen
1995 1063 2059 1111 ipsi

387 1125 606 1165 clamabunt,
628 1136 746 1157 rerum
773 1121 949 1156 evidentia
970 1120 1151 1168 compulsi.
1181 1120 1317 1156 Horum
1337 1122 1465 1170 quippe
1494 1123 1639 1157 durities
1666 1124 1797 1158 animae
1820 1132 1853 1157 et
1875 1123 2061 1158 insensibi-

386 1185 482 1227 litas,
504 1183 658 1231 lapidum
678 1183 836 1231 ipsorum
858 1181 1026 1216 duritiam
1046 1181 1287 1229 immitemque
1310 1190 1470 1217 naturam
1497 1192 1646 1230 superat.
1675 1182 1866 1228 Quodnam
1887 1197 1966 1229 ergo
1987 1183 2037 1217 his
2051 1212 2059 1221 ,

386 1245 454 1279 sive
484 1245 519 1278 in
546 1258 608 1278 sua
635 1243 810 1278 sententia
834 1242 935 1277 tacite
957 1250 1109 1289 perstare
1136 1241 1266 1284 velint,
1289 1242 1501 1277 defensionis
1530 1257 1640 1290 genus
1669 1243 1845 1291 reliquum
1873 1243 1963 1279 erit?
1988 1244 2059 1278 sive

384 1298 591 1353 pugnaciter
618 1303 711 1339 tueri
740 1303 884 1345 malint,
906 1315 1085 1351 quaenam
1112 1303 1300 1349 excogitari
1322 1303 1617 1338 contradictionis
1637 1305 1723 1338 ratio
1748 1305 1873 1351 poterit
1896 1304 2060 1339 adversus

221 1379 259 1398 ω,
278 1385 298 1405 p.
316 1381 347 1398 30.
383 1365 587 1401 veritatem?
612 1363 741 1412 Ecquis
762 1363 901 1398 illorum
924 1363 1114 1398 mendaciis
1141 1363 1384 1411 patrocinans,
1406 1364 1470 1398 hoc
1493 1372 1666 1398 certamen
1690 1364 1882 1412 suscipiet?
1906 1364 2061 1399 Ubinam

385 1427 425 1461 iis
454 1425 607 1460 tribunal
627 1424 669 1459 ad
691 1425 781 1458 hanc
811 1423 1077 1470 disceptandam
1106 1437 1247 1458 causam
1275 1424 1478 1459 statuetur?
1501 1437 1675 1471 quaenam
1701 1424 1858 1470 gravium
1885 1432 2060 1459 oratorum

384 1495 444 1522 aut
462 1485 718 1520 causidicorum
736 1484 931 1532 eloquentia
948 1491 1121 1519 versutam
1143 1492 1421 1518 commentorum
1441 1483 1681 1519 inventionem
1702 1485 1936 1532 expromens?
1957 1498 2060 1532 quae-

386 1560 465 1581 nam
492 1558 705 1581 conexorum
739 1544 1017 1592 syllogismorum
1051 1544 1232 1578 suasiones
1260 1544 1460 1578 ssexanimes
1489 1552 1523 1578 et
1551 1544 1859 1590 constringentes?
1887 1558 2060 1592 quaenam

385 1606 679 1654 geometricarum
706 1603 1045 1639 demonstrationum
1070 1603 1262 1638 coactiones
1278 1631 1286 1646 ‚
1308 1603 1467 1638 thesibus
1492 1603 1563 1638 suis
1591 1617 1631 1638 ex
1656 1612 1898 1651 praesumpto,
1920 1604 2061 1638 inevita-

385 1667 501 1702 biliter
529 1675 563 1700 et
591 1666 664 1700 sine
695 1664 822 1710 effugio
851 1662 1129 1698 concludentes?
1152 1663 1230 1710 quis
1259 1663 1387 1698 arbiter
1415 1671 1474 1698 aut
1496 1663 1602 1697 iudex
1624 1672 1816 1710 peracutus
1843 1671 1878 1697 et
1905 1663 2061 1710 ingenio-

383 1728 536 1762 sissimus
550 1754 558 1769 ,
580 1726 660 1773 ipsis
681 1724 881 1759 dicentibus
910 1723 1035 1758 sedens
1058 1723 1291 1766 examinator,
1314 1731 1348 1758 et
1376 1723 1499 1757 intime
1521 1737 1560 1757 ac
1582 1723 1834 1771 sapientissime
1861 1723 2058 1758 oblatorum

384 1795 675 1834 argumentorum
694 1786 763 1819 vim
785 1797 992 1831 cognoscere
1014 1783 1129 1818 valens
1143 1811 1151 1826 ‚
1171 1784 1379 1818 sententiam
1400 1785 1506 1825 seret,
1529 1797 1618 1831 quae
1641 1784 1778 1831 iniquas
1806 1784 1943 1818 illorum
1966 1798 2059 1832 prae-

383 1847 500 1894 stigias
529 1846 738 1881 confirmet?
766 1844 878 1879 Nemo
906 1843 1023 1879 hercle
1052 1843 1098 1878 ita
1125 1843 1254 1878 bardus
1283 1851 1332 1878 est
1355 1852 1388 1878 et
1412 1843 1578 1885 insanus,
1600 1843 1660 1890 qui
1688 1843 1885 1891 perspicuis
1912 1845 2059 1878 vocabu-

383 1908 445 1949 lis,
466 1906 593 1955 quibus
622 1905 751 1939 invicte
781 1904 885 1938 etiam
914 1912 946 1938 et
975 1903 1051 1938 sine
1081 1902 1379 1945 contradictione,
1401 1903 1489 1938 facta
1516 1903 1584 1950 ipsa
1612 1902 1895 1950 splendidissime
1923 1905 2057 1940 favent,

383 1966 554 2002 adversari
575 1974 607 2000 et
628 1965 805 2000 obluctare
827 1964 968 1998 nitetur.
991 1963 1153 1998 Profecto
1174 1962 1228 2006 hi,
1250 1972 1288 1998 ut
1310 1976 1469 1998 scaevum
1491 1976 1591 1997 suum
1609 1962 1912 2011 irreligiosumque
1934 1964 2056 2010 dogma

384 2029 560 2069 firmetur,
582 2026 719 2061 nullum
740 2025 948 2073 praesidium
973 2037 1175 2072 comparare
1196 2024 1260 2059 sibi
1280 2032 1438 2072 queunt3
1461 2023 1521 2071 qui
1541 2023 1719 2057 scelestam
1739 2023 1831 2057 vitae
1854 2023 2056 2058 felicitatem

384 2089 546 2122 honestae
575 2085 761 2121 calamitati
788 2086 1043 2127 anteferentes,
1066 2084 1270 2119 inconsulto
1293 2093 1327 2119 et
1349 2092 1470 2119 contra
1492 2083 1673 2117 sacerdotii
1701 2083 1930 2130 dignitatem,
1953 2084 2059 2119 dede-

385 2161 447 2182 cus
475 2156 577 2195 atque
606 2146 835 2193 ignominiam
861 2153 1042 2180 aeternam
1070 2144 1208 2180 sibimet
1234 2145 1446 2180 inusserunt.
1474 2143 1589 2179 Nemo
1618 2153 1713 2178 certe
1743 2157 1885 2185 eorum,
1911 2144 1972 2192 qui
2000 2145 2057 2191 pie

385 2208 498 2242 vivere
526 2207 775 2248 decreverunt,
798 2206 846 2240 ita
873 2218 1040 2253 umquam
1069 2205 1196 2239 sentiet
1222 2213 1283 2240 aut
1309 2204 1496 2246 decernet,
1520 2204 1578 2238 sed
1601 2217 1646 2238 ne
1668 2218 1748 2239 suae
1777 2204 1888 2238 menti
1914 2203 2056 2252 quidem

386 2267 451 2301 tale
479 2267 590 2302 scelus
616 2280 780 2314 umquam
804 2280 989 2301 occurrere
1017 2265 1156 2313 optabit.

488 2325 672 2372 Quomodo
700 2340 781 2373 ergo
803 2334 835 2360 et
856 2326 997 2374 quando
1019 2334 1052 2360 et
1072 2339 1090 2360 a
1113 2325 1243 2374 quibus
1266 2323 1554 2360 abominabilium
1583 2324 1756 2359 idolorum
1785 2325 1890 2372 pestis
1920 2325 2054 2358 invecta

385 2387 509 2429 suerit,
538 2387 646 2434 primo
673 2386 815 2434 quidem
841 2387 884 2421 ab
913 2386 1117 2433 evangelicis
1145 2386 1250 2421 dictis
1279 2386 1445 2427 audient,
1471 2386 1498 2419 si
1527 2393 1619 2420 certe
1649 2385 1697 2419 eis
1725 2385 1885 2420 credunt.
1913 2384 2055 2419 Etenim

386 2448 557 2482 idolorum
582 2447 802 2489 destructor,
825 2446 948 2482 erroris
975 2447 1159 2495 depulsor,
1180 2455 1298 2482 noster
1325 2446 1367 2481 de
1395 2454 1563 2494 potestate
1585 2445 1806 2479 tenebrarum
1832 2444 2054 2492 redemptor,

387 2517 421 2543 et
447 2522 463 2542 a
494 2507 707 2555 corruptelae
728 2507 933 2542 necessitate
955 2507 1143 2550 liberator,
1166 2507 1254 2542 vitae
1283 2515 1422 2542 nostrae
1451 2514 1595 2548 auctor,
1617 2505 1751 2553 quique
1780 2504 1879 2539 nobis
1899 2505 2056 2539 veritatis

385 2567 544 2602 notitiam
566 2566 715 2602 contulit
738 2566 900 2602 Christus
921 2568 1085 2602 dominus
1108 2581 1147 2602 ac
1169 2566 1267 2602 Deus
1296 2576 1436 2608 noster,
1458 2579 1539 2601 cum
1567 2564 1752 2599 universali
1773 2563 1849 2599 Deo
1876 2564 1964 2612 patri
1992 2578 2055 2599 suo

157 2642 166 2653 ⁸
184 2642 231 2662 lob.
247 2643 314 2664 xxa.
332 2644 348 2664 ι,
386 2628 433 2663 sic
454 2627 609 2676 loquitur
625 2629 658 2663 *τ
676 2634 699 2648 “
720 2635 815 2674 pater
831 2627 927 2662 venit
943 2628 1047 2673 hora3
1067 2627 1213 2662 clarifica
1232 2627 1345 2662 filium
1363 2636 1484 2669 tuum,
1504 2634 1543 2660 ut
1564 2633 1596 2660 et
1617 2625 1709 2660 filius
1727 2633 1809 2659 tuus
1830 2624 1994 2659 clarificet
2009 2632 2054 2658 te.

389 2717 411 2730 „
441 2687 560 2723 Sicuti
579 2686 707 2722 dedisti
727 2687 758 2721 ei
780 2696 983 2734 potestatem
1004 2688 1119 2723 omnis
1150 2688 1285 2730 carnis,
1308 2696 1347 2722 ut
1374 2699 1478 2722 omne
1506 2685 1598 2733 quod
1627 2684 1753 2719 dedisti
1783 2684 1834 2727 ei,
1855 2684 1916 2719 det
1941 2685 1988 2719 eis
2010 2684 2056 2718 vi-

390 2778 412 2791 „
440 2758 521 2783 tam.
543 2747 637 2783 Haec
659 2756 709 2783 est
728 2756 845 2782 autern
865 2749 934 2782 vita
951 2757 1110 2791 aeterna,
1131 2757 1165 2783 et
1187 2755 1398 2794 cognoscant
1420 2755 1453 2781 te
1474 2746 1589 2781 solum
1607 2758 1727 2780 verum
1746 2744 1880 2788 Deum,
1899 2753 1933 2780 et
1951 2758 2054 2793 quem

390 2838 412 2851 ,,
440 2808 564 2844 misisti
576 2808 692 2844 Iesum
709 2806 903 2843 Christum.
921 2835 943 2850 .,,
957 2807 1096 2844 Deinde
1114 2821 1252 2844 rursus:
1268 2815 1291 2830 ‘⁶
1307 2806 1526 2847 manifestavi
1544 2819 1672 2841 nomen
1689 2814 1788 2841 tuum
1802 2806 2012 2842 hominibus,
2029 2833 2053 2846 ,‚
