2203 3331
693 163 857 187 ,mvi-:asts
882 160 1126 185 coxsraxwxrn
1152 160 1370 184 aornos-rura
1378 176 1385 183 .
1845 149 1885 182 '49

199 237 241 264 ut
261 227 331 275 ipsa
352 225 432 259 icon
460 234 550 270 quae
572 219 733 255 divinum
760 219 857 254 illum
884 228 1094 263 sacrumque
1124 215 1360 250 characterem
1387 223 1623 263 repraesentat
1644 222 1678 248 et
1701 213 1883 262 exprimit,

202 287 324 324 similis
353 297 436 320 011111
463 282 569 317 simili
598 289 811 322 concurrat,
835 279 965 325 fiatque
994 275 1131 324 propria
1159 283 1194 309 et
1223 276 1478 315 connaturalis,
1504 283 1622 324 utpote
1652 275 1885 310 consubstan-

206 348 299 383 tialis.
328 344 429 391 Quae
459 344 487 377 si
516 343 562 377 ita
591 356 626 376 se
654 341 802 382 habent,
824 336 999 386 oportebit
1020 349 1064 370 ne
1086 343 1181 369 motu
1203 335 1348 382 quidem
1377 350 1552 384 sensuque
1581 336 1721 370 iconem
1744 349 1884 376 carere,

201 407 264 443 sed
290 406 361 440 vim
387 404 432 438 de
455 403 530 438 loco
553 403 590 437 in
610 402 729 436 locum
751 398 960 434 transitivum
981 396 1110 430 habere
1125 424 1132 438 ,
1156 403 1196 429 nt
1224 395 1370 429 istorum
1397 410 1493 430 error
1522 405 1592 440 estg
1615 405 1717 444 atque
1741 396 1884 431 0111111110

203 477 240 503 et
260 480 361 513 agere
383 473 416 499 ct
439 464 508 512 pati
530 474 778 512 quaecumque
800 458 970 493 animatae
991 456 1044 492 rei
1067 456 1202 504 propria
1222 464 1304 490 sunt
1327 464 1361 490 et
1383 456 1659 502 dignoscunturg
1681 471 1796 506 neque
1819 457 1885 491 iam

205 530 362 568 iconem,
383 525 443 560 sod
464 525 657 559 animatum
674 535 713 555 ac
734 518 899 554 rationale
923 518 1049 552 animal
1073 531 1165 559 esse,
1185 517 1226 551 ab
1246 516 1297 550 his
1319 516 1413 550 credi
1433 518 1625 563 oportebit3
1643 518 1809 566 quodque
1828 531 1886 552 ne-

204 587 351 623 cessario
375 585 624 634 consequitur,
647 580 806 615 divinum
830 593 971 628 quoque
992 577 1149 613 terbum
1174 591 1316 625 corpore
1346 591 1409 611 suo
1439 577 1588 625 spoliari.
1617 577 1804 623 Quomodo
1826 592 1886 613 au-

204 658 277 683 tem
297 648 382 682 hace
406 646 441 681 in
465 645 648 680 Christum
671 640 927 676 conferentur?
950 638 1016 673 Vel
1036 639 1164 686 quibus
1184 638 1312 673 viribus
1333 637 1446 686 pictor
1467 638 1687 685 propositum
1706 653 1809 673 suum
1832 653 1886 674 ex-

203 708 398 757 sequetur?
421 705 522 741 Haud
543 704 641 739 aliter
664 709 758 737 certe
782 714 886 750 quam
908 699 1077 749 pingendi
1100 699 1254 734 artificio.
1283 698 1371 745 Ergo
1397 713 1483 746 opus
1512 698 1596 739 erit,
1619 707 1658 733 ut
1681 700 1760 747 plus
1781 714 1886 749 quam

203 769 355 805 divinam
385 776 488 814 atque
518 762 759 799 admirabilem
786 761 969 809 pictoriam
997 769 1108 795 artem
1137 760 1396 803 existimemus,
1424 760 1562 807 vimque
1591 760 1788 794 attrahendi
1817 762 1886 796 effi-

204 829 389 877 ciendique
417 834 576 872 magnete
605 823 774 872 potiorem
794 822 830 856 in
851 821 978 856 tabulis
1003 822 1151 857 habere:
1176 821 1312 869 iamque
1340 820 1508 867 dogmatis
1530 821 1637 855 instar
1665 821 1752 864 erit,
1776 822 1885 870 picto-

203 903 281 925 rum
301 896 409 923 artem
429 885 594 920 validiore
616 897 723 932 quam
744 881 905 917 Verbum
927 882 1084 930 potentia
1107 881 1296 930 praeditam
1318 895 1410 917 csse:
1432 890 1608 930 quatenus
1636 882 1722 917 haec
1743 882 1885 930 quidem

205 962 344 985 earnem
372 948 402 982 ei
432 946 567 982 unitam
594 945 756 986 abstulit,
779 944 896 991 ipsum
922 952 1041 978 autem
1061 942 1222 978 Verbum
1250 943 1434 991 spoliatum
1456 943 1544 985 fuit,
1569 951 1602 978 et
1626 942 1758 978 Christi
1782 944 1886 992 hypo-

202 1009 296 1044 stasis
317 1008 499 1043 dissoluta.
520 1006 652 1041 Nonne
675 1005 757 1039 hinc
778 1004 920 1039 videtur
940 1004 1051 1052 passio
1074 1004 1233 1039 omnium
1255 1003 1487 1038 infirmissima
1508 1003 1625 1039 Verbo
1647 1004 1819 1040 attribui?

306 1070 364 1115 34.
395 1068 469 1103 Cur
489 1068 555 1102 hoc
577 1067 740 1108 illorum,
762 1065 823 1113 qui
846 1064 1052 1113 Chi-istolyti
1073 1064 1266 1107 dicuutur,
1287 1063 1547 1099 abominandae
1570 1065 1749 1100 haereseos
1770 1065 1885 1100 absur-

198 1130 302 1166 ditati
328 1129 454 1165 cedat?
481 1127 589 1164 Unde
620 1126 729 1174 igitur
758 1125 909 1160 invictus
937 1126 993 1160 hic
1024 1133 1057 1160 et
1086 1125 1328 1174 insuperabilis·
1357 1125 1522 1160 inimicus
1549 1126 1751 1174 Christique
1777 1140 1885 1175 oppu—

202 1199 345 1239 gnator,
367 1190 424 1224 hic
452 1202 575 1237 parvus
603 1186 710 1222 simul
737 1186 985 1235 violentusque
1017 1195 1206 1234 tyrannus,
1231 1186 1405 1234 pictorum
1430 1186 1574 1235 inquam
1601 1196 1705 1236 atque
1734 1188 1884 1236 sculpto-

203 1264 285 1286 rum
305 1250 385 1286 ars?
415 1249 513 1295 Quae
542 1256 636 1283 tanta
662 1248 754 1282 inest
780 1247 862 1282 huic
883 1247 932 1281 vis
957 1256 1059 1295 atque
1089 1247 1263 1289 efficacia,
1287 1256 1326 1282 ut
1348 1246 1465 1282 Deum
1488 1248 1599 1283 valcat
1623 1248 1765 1283 dotibus
1794 1249 1882 1292 suis,

204 1311 297 1346 haud
317 1324 398 1345 sane
419 1308 667 1344 accidentibus
689 1317 723 1342 et
743 1308 977 1342 exterioribus
991 1336 998 1350 ,
1020 1308 1079 1342 sed
1102 1308 1213 1343 insltis
1235 1317 1266 1342 et
1290 1309 1501 1356 hypostatice
1522 1308 1715 1357 copulatis,
1737 1309 1883 1357 spoliare

203 1386 244 1406 ac
271 1370 497 1420 depopulari,
520 1369 698 1417 ipsamque
726 1368 942 1416 hypostasim
971 1368 1184 1415 dissociare?
1211 1367 1350 1415 Ergone
1379 1369 1474 1417 quod
1499 1369 1656 1405 Verbum
1683 1370 1799 1405 volens
1826 1370 1883 1405 ad-

203 1431 370 1478 sumpsit,
391 1430 425 1465 id
450 1430 579 1464 invitus
607 1429 790 1478 deposuit?
819 1428 915 1464 Haec
945 1429 1088 1464 demum
1108 1429 1287 1477 quodnam
1315 1429 1499 1477 impietatis
1526 1430 1666 1465 culmen
1688 1446 1759 1466 non
1783 1446 1885 1480 supe-

200 1492 302 1526 rant?
329 1490 390 1525 Sic
420 1491 516 1525 enim
538 1504 591 1524 ars
612 1498 722 1524 morte
744 1489 818 1538 ipsa
839 1489 986 1524 validior
1008 1489 1261 1537 comperietur:
1282 1503 1363 1524 nam
1382 1491 1476 1538 quod
1500 1504 1594 1526 mors
1608 1520 1616 1533 ‚
1638 1506 1707 1540 quo
1731 1501 1882 1541 tempore

201 1565 306 1586 cruce
333 1559 447 1586 erecta
473 1550 657 1586 Christum
685 1551 967 1593 interfecerunt,
990 1564 1061 1585 11011
1090 1551 1226 1598 potuit,
1247 1551 1313 1585 hoc
1339 1565 1394 1585 ars
1423 1552 1558 1598 egregie
1587 1560 1803 1602 strenueque
1830 1567 1885 1601 pa—

200 1611 314 1646 travit.
336 1611 549 1646 Nullatenus
571 1611 666 1646 enim
687 1610 846 1646 Verbum
867 1625 885 1645 a
909 1611 1126 1646 sanctissima
1146 1611 1347 1660 vivificaque
1368 1626 1474 1646 carne
1497 1627 1558 1647 sua
1579 1622 1778 1661 separatum
1799 1614 1883 1657 fuit,

200 1686 245 1707 ne
269 1681 518 1707 momentaneo
540 1672 683 1720 quidem
704 1672 762 1707 illo
785 1673 1013 1720 perbrevique
1035 1680 1190 1720 tempore
1204 1701 1211 1715 ,
1233 1687 1302 1720 quo
1330 1687 1392 1721 pro
1421 1674 1518 1709 nobis
1541 1683 1692 1710 mortem
1719 1674 1883 1710 Christus

201 1733 364 1781 pertulit,
393 1747 473 1768 cum
502 1733 544 1768 oh
572 1732 885 1768 clementissimam
912 1733 1170 1782 benignamque
1199 1743 1358 1768 naturam
1385 1749 1484 1770 suam
1512 1735 1554 1770 ad
1584 1736 1714 1771 inferos
1743 1751 1884 1785 quoque

201 1794 374 1841 perrexit,
396 1802 436 1828 ut
458 1793 529 1828 11110
553 1807 691 1828 carcere
723 1793 846 1828 clausis
875 1794 1052 1842 spiritibus
1080 1794 1277 1829 libertatem
1304 1795 1490 1830 nunciaret
1518 1810 1556 1831 ae
1584 1797 1790 1844 largiretur,
1811 1798 1884 1832 vin-

201 1853 361 1902 culisque
389 1855 516 1902 quibus
546 1854 759 1889 tenebantur
780 1854 974 1891 resolveret.
1004 1854 1191 1900 Quomodo
1215 1870 1295 1902 ergo
1317 1856 1410 1903 quod
1433 1857 1552 1891 mortis
1580 1858 1711 1892 viribus
1732 1872 1804 1892 non
1833 1867 1883 1894 est

201 1915 389 1957 effectum,
408 1915 443 1949 id
466 1915 580 1963 pictor
601 1916 736 1963 patret?
759 1924 792 1950 et
809 1915 867 1950 ille
891 1916 952 1964 qui
974 1916 1099 1950 sortem
1118 1916 1268 1963 alligavit
1288 1918 1324 1959 ᾖ,
1342 1917 1382 1951 ab
1402 1917 1539 1953 infirma
1557 1918 1643 1953 adeo
1662 1919 1787 1967 vilique
1809 1928 1881 1954 arte

199 1975 353 2010 vicissim
379 1975 447 2010 suit
467 1975 652 2022 aIIIgatus?
680 1975 847 2011 Profecto
876 1976 925 2010 sie
954 1976 1128 2011 videbitur
1155 1991 1206 2011 ars
1233 1977 1382 2025 pictoria
1409 1987 1514 2027 atque
1542 1979 1724 2027 scalptoria
1752 1980 1880 2016 maiore

204 2048 309 2081 quam
336 2049 428 2070 mors
456 2036 625 2070 caedendi
649 2050 688 2071 ac
718 2037 899 2085 separandi
926 2036 1089 2071 facultate
1112 2037 1264 2085 pollere:
1284 2046 1389 2087 atque
1418 2039 1465 2074 ita
1493 2039 1581 2074 nihil
1601 2040 1767 2076 omissum
1786 2042 1881 2091 quod

205 2093 373 2141 impietati
399 2096 541 2130 frenum
571 2096 710 2131 relaxet.

309 2153 377 2187 Sed
407 2155 494 2202 quid
523 2170 608 2204 opus
639 2165 687 2190 est
714 2165 785 2191 tam
812 2158 953 2193 vitanda
981 2167 1084 2207 atque
1113 2159 1343 2194 abominanda
1371 2160 1527 2208 pluribus
1557 2164 1743 2211 persequi?
1769 2177 1882 2212 quum

202 2213 286 2248 satis
315 2214 356 2248 sit
384 2215 522 2261 parenti
550 2216 675 2251 horum
704 2216 839 2261 dicere,
860 2219 954 2266 quod
976 2227 1009 2253 tc
1031 2219 1131 2254 donis
1154 2220 1353 2255 huiusmodi
1383 2230 1440 2257 tua
1471 2233 1667 2259 commenta
1693 2233 1880 2271 coronant3

204 2274 261 2308 tali
293 2272 584 2310 te'retributione
613 2285 739 2311 ornant
765 2292 966 2314 sermonum
995 2288 1136 2315 tuorum
1165 2290 1235 2315 tam
1255 2282 1464 2330 sapientium
1492 2293 1523 2318 ct
1551 2284 1804 2320 elaboratorum
1831 2299 1881 2320 ar-

202 2343 378 2380 gumenta.
408 2335 506 2369 Adeo
537 2335 600 2369 tibi
629 2336 832 2384 dogmatum
859 2348 1004 2375 tuorum
1030 2341 1236 2389 speculativa
1263 2342 1456 2378 sublimitas
1479 2353 1513 2379 et
1533 2344 1653 2388 elatio,
1675 2346 1815 2381 maximi
1836 2346 1878 2381 ad

202 2394 423 2440 gloriandum
444 2397 617 2431 momenti
640 2400 708 2433 est!
729 2398 858 2434 Nonne
880 2401 966 2436 haec
986 2402 1101 2449 potius
1123 2402 1339 2438 dementiora
1363 2404 1507 2440 ebriosis
1527 2406 1751 2442 deliramenta
1772 2409 1880 2443 sunt?

202 2463 322 2490 nonne
351 2456 490 2491 furiosis
520 2466 553 2491 et
580 2459 829 2495 bacchantibus
859 2461 1059 2498 insaniora?
1086 2463 1133 2498 Hi
1161 2472 1247 2499 sunt
1272 2464 1439 2501 videlicet
1461 2467 1613 2514 ingluvie
1637 2478 1669 2504 et
1690 2470 1879 2505 1011110111-

203 2518 474 2564 temperantium
502 2519 686 2554 hominum
715 2521 888 2569 crepitus:
916 2523 977 2557 liae
1006 2532 1090 2558 sunt
1120 2525 1189 2559 cari
1219 2526 1300 2560 huic
1329 2535 1363 2561 et
1391 2528 1578 2574 gratissimi
1608 2530 1681 2564 fimi
1709 2538 1878 2565 stercora-

202 2577 333 2614 tiones:
358 2579 393 2612 hi
422 2578 582 2614 immensi
610 2581 779 2624 vomitus,
800 2583 1021 2632 caninaeque
1043 2584 1136 2620 illius
1164 2600 1202 2620 ac
1232 2586 1351 2622 suillae
1379 2588 1463 2624 vitae
1485 2598 1518 2624 et
1538 2591 1641 2625 ferini
1666 2592 1770 2625 moris
1796 2591 1877 2637 dog-

201 2646 310 2674 mata:
333 2639 418 2674 haeo
446 2648 526 2675 sunt
554 2641 706 2676 facinora
734 2651 938 2678 venatorum
966 2644 1148 2680 hominum
1176 2646 1236 2694 qui
1263 2647 1450 2684 brutorum
1477 2651 1680 2686 animalium
1707 2651 1874 2697 indagant

199 2700 358 2746 vestigia:
386 2700 421 2734 111
448 2714 562 2736 mores
590 2712 674 2736 sunt
701 2712 861 2738 cruentas
893 2704 1174 2741 Christianorum
1202 2708 1369 2756 sanguine
1398 2724 1518 2745 manus
1547 2712 1761 2758 gerentium:
1790 2712 1872 2745 haec

205 2757 356 2808 denique
385 2761 554 2797 humanas
583 2777 707 2798 carnes
734 2764 941 2800 laniantium
969 2776 1168 2803 commenta
1189 2778 1281 2805 sunt.
1308 2770 1422 2819 Atqui
1448 2772 1500 2806 his
1526 2772 1571 2807 ita
1600 2772 1736 2820 opinari
1758 2771 1874 2806 volen-

1921 1075 1957 1091 (ἐν.
1973 1081 1994 1099 p.
2011 1080 2043 1096 Λα,

1948 1100 1979 1120 Dc·
2007 1102 2128 1125 haereticis

1920 1125 2033 1154 christon)
2041 1130 2076 1151 tis,
2088 1132 2127 1157 qui

1921 1153 2000 1174 ‹tn-unt
2010 1155 2128 1177 Christum

1920 1179 1943 1199 iu
1961 1184 2129 1203 resurrection«-

1920 1212 2003 1233 rorpus
2010 1214 2075 1229 suurn
2083 1211 2130 1230 aut-

1920 1236 2006 1254 matum
2017 1235 2128 1257 deseruis-

1920 1265 1950 1282 se.
1958 1261 2065 1287 nudaque
2076 1269 2127 1283 cun·

1920 1286 2003 1307 deitati·
2029 1288 2050 1308 in
2075 1295 2126 1309 car-.-

1920 1312 1966 1333 lum
1982 1314 2083 1336 rediisse.

1918 1936 1927 1947 '
1943 1936 2123 1957 xtattti.X1t.2«v.

206 2817 294 2854 tibus
323 2834 459 2857 sacrum
479 2822 566 2858 illud
586 2824 771 2872 quadrabit
793 2827 974 2863 oraculum
1001 2831 1037 2865 ³²:
1058 2835 1080 2850 “
1104 2829 1232 2866 stultus
1253 2831 1357 2868 stulta
1381 2832 1567 2881 loquetur,
1591 2841 1624 2867 et
1647 2846 1707 2867 cor
1733 2832 1806 2868 eius
1826 2833 1873 2868 fa-
1909 2849 2066 2872 ⁹1<.xxx11.
2085 2855 2104 2872 a.

1750 2903 1764 2926 7
