2203 3331
528 201 693 223 Aurenses
719 200 965 223 coxsmxnxcn
991 200 1226 222 cui’itox'.·.nt.u.
1679 192 1723 225 95

29 258 110 308 quia
137 256 272 294 Christi
300 257 471 291 honorem
498 256 619 291 audire
648 270 716 290 non
748 255 936 291 sustinent.
966 253 1113 289 Frustra
1143 255 1248 301 igitur
1275 255 1562 292 Christianorum
1591 271 1720 292 nomen

32 321 100 355 iam
123 332 313 367 usurpare,
333 318 460 353 merito
484 317 784 359 aestimabuntur,
807 316 867 365 qui
892 316 960 350 vim
986 315 1060 350 eius
1086 323 1119 350 et
1143 317 1277 363 praxim
1301 318 1514 353 omnimodis
1541 327 1676 365 negant.

143 380 197 416 15.
225 378 359 413 Revera
387 379 415 413 si
443 378 520 427 quis
548 377 682 412 videret
712 391 752 412 ex
783 377 919 411 Iudaeis
947 376 1100 424 aliquem
1129 384 1189 410 aut
1210 391 1250 411 ex
1277 378 1424 412 ethnicis
1452 388 1513 414 aut
1542 394 1581 414 ex
1611 379 1723 427 quoli-

33 442 93 476 bet
121 440 218 475 cultu
248 440 450 482 hominem,
481 438 613 474 Christi
643 438 833 484 imaginem
862 446 922 472 aut
949 446 1175 479 sanctorum,
1204 437 1257 471 vel
1287 452 1427 473 crucem
1456 449 1518 474 aut
1547 440 1722 487 evangelia

32 511 95 537 aut
121 501 217 536 aliud
243 501 435 550 quicquam
463 513 586 536 eorum
614 513 703 548 quae
733 498 826 547 apud
849 513 912 533 nos
935 498 971 533 in
999 498 1129 533 honore
1158 507 1260 541 sunt,
1282 499 1508 543 adorantem,
1530 514 1648 535 nonne
1673 501 1724 535 di—

33 570 130 597 ceret
157 562 254 597 hunc
276 561 319 596 ad
342 561 448 596 fidem
470 569 624 595 nostram
646 559 831 594 accessisse
846 587 854 602 ,
876 572 1028 607 eumque
1056 559 1222 606 deinceps
1252 559 1484 594 christianum
1509 561 1722 609 appellaret?

32 621 125 668 Quis
155 622 202 657 ita
229 623 396 657 heluinus
418 630 467 656 est
489 630 521 656 et
542 621 711 662 insanus,
736 628 775 654 ut
798 620 865 654 hoc
888 619 979 654 ultro
1002 633 1072 654 non
1095 620 1273 655 fateatur?
1303 618 1414 654 Sectis
1436 634 1519 655 vero
1534 649 1542 663 ‚
1566 621 1593 655 si
1615 635 1721 669 quem

32 683 178 726 horum,
200 684 262 732 qui
290 683 462 718 dicuntur
493 681 711 723 Christiani,
733 680 849 715 videat
875 680 977 716 humi
1004 689 1288 729 prosternentem
1312 679 1447 715 Christi
1472 681 1721 724 simulacrum,

31 753 93 779 aut
121 744 311 793 quamlibet
340 758 381 778 ex
408 742 514 778 dictis
543 743 668 784 rebus,
695 756 765 790 quo
794 741 938 776 nomine
966 742 1061 776 hunc
1087 741 1299 790 appellabit?
1329 741 1434 777 Sicut
1463 756 1542 789 ergo
1572 743 1722 790 priorem

31 805 156 849 illum,
184 805 325 840 veritati
357 805 556 853 obsequens
574 832 582 846 ‚
612 803 707 838 dicet
737 802 844 837 fidem
874 811 1031 837 nostram
1059 803 1280 851 amplexum,
1309 803 1356 837 ita
1388 802 1536 838 alterum
1570 817 1720 849 negasse.

34 865 157 900 Fando
185 874 302 901 autem
331 865 553 907 audivimus,
575 864 702 899 multos
731 878 842 913 usque
872 863 908 898 in
938 863 1133 899 hodienum
1157 864 1271 906 diem,
1294 878 1333 899 cx
1354 864 1408 898 his
1436 864 1539 912 pictis
1568 864 1721 899 historiis

31 926 151 962 salutis
173 940 253 961 suae
283 926 506 961 occasionem
533 933 664 961 nactos.
694 924 856 973 Namque
884 925 966 960 hinc
995 939 1047 959 res
1075 925 1216 959 divinae
1240 924 1493 959 incarnationis
1522 924 1719 966 discentes,

31 996 245 1036 receptoque
275 987 443 1033 evangelii
465 986 619 1029 lumine,
641 986 683 1020 ad
706 986 956 1034 inculpabilem
977 995 1132 1021 nostram
1152 986 1261 1020 fidem
1282 986 1520 1022 deducuntur.
1543 986 1640 1020 Alios
1663 999 1720 1020 au-

30 1057 99 1082 tem
125 1062 165 1082 ex
190 1048 287 1096 turpi
309 1048 378 1083 vita
404 1047 446 1082 ad
473 1048 648 1083 modestos
675 1046 822 1096 Dcoque
848 1056 960 1094 gratos
986 1061 1099 1082 mores
1124 1047 1291 1082 transisse
1319 1061 1448 1083 sumus.

138 1108 192 1144 16.
215 1108 300 1144 Tale
322 1109 410 1157 quid
433 1109 616 1155 contigisse
636 1109 797 1143 novimus
819 1108 921 1143 etiam
943 1117 1078 1143 sanctae
1100 1108 1150 1142 illi
1170 1109 1330 1151 mulieri,
1355 1107 1415 1143 cui
1434 1122 1563 1143 nomen
1583 1107 1719 1151 Maria,

28 1178 70 1204 ut
98 1182 213 1204 unum
241 1169 388 1212 saltem,
419 1184 459 1204 ex
487 1177 563 1212 tot,
594 1169 793 1217 exemplum
819 1183 991 1217 ponamus
1020 1183 1094 1204 non
1124 1169 1394 1204 inconcinnum.
1422 1168 1585 1218 Namque
1619 1177 1720 1203 antea

26 1230 159 1265 diaboli
182 1230 315 1278 laqueis
344 1231 498 1272 irretita,
523 1230 766 1278 cupiditatum
793 1230 952 1265 omnium
971 1231 1062 1265 sacta
1090 1238 1163 1264 erat
1189 1230 1436 1265 habitaculum.
1463 1230 1509 1264 At
1536 1242 1648 1277 quum
1672 1243 1720 1264 sa-

29 1304 107 1325 crae
131 1290 241 1325 oculis
264 1290 336 1325 eius
359 1291 599 1326 occurrissent
620 1290 798 1339 picturae,
822 1290 960 1325 divinae
983 1290 1082 1325 illinc
1109 1290 1238 1337 gratiae
1267 1290 1404 1325 lumine
1434 1290 1604 1325 illustrata
1619 1319 1626 1332 ³
1650 1290 1719 1324 visa

29 1360 82 1385 est
108 1365 182 1386 non
210 1352 427 1400 passionibus
454 1360 612 1394 tantum,
634 1365 756 1386 verum
778 1351 882 1386 etiam
903 1351 969 1400 ipsi
990 1360 1134 1386 naturae
1157 1351 1325 1400 superior.
1356 1351 1395 1386 ld
1420 1351 1514 1400 quod
1542 1351 1717 1398 angelicae

28 1412 117 1447 vitae
143 1413 219 1448 eius
244 1414 388 1448 historia
413 1413 631 1449 demonstrat
654 1427 755 1461 supra
780 1414 969 1447 humanam
993 1413 1238 1448 conditionem
1263 1422 1420 1461 peractae
1452 1416 1515 1461 (1).

137 1488 190 1522 ¹7·
216 1473 317 1508 Idem
335 1483 440 1508 „extra
463 1483 620 1509 nostram
640 1488 782 1522 quoque
811 1473 1019 1520 religionem
1041 1474 1230 1522 comperire
1261 1488 1445 1522 possumus
1460 1503 1467 1516 ,
1492 1483 1532 1508 ut
1560 1473 1721 1508 Polemo—

27 1535 82 1569 nis
109 1535 248 1570 historia
278 1537 499 1584 comprobat,
525 1536 626 1571 cuius
654 1536 692 1570 in
722 1536 793 1571 suis
822 1536 1035 1571 carminibus
1065 1550 1210 1583 magnus
1239 1536 1404 1570 meminit
1434 1535 1626 1583 Gregorius
1656 1537 1718 1583 (2).

28 1595 190 1643 Namque
212 1610 252 1631 ex
274 1596 531 1645 intemperante
560 1597 602 1632 ad
633 1596 835 1631 modestiam
865 1597 1071 1640 translatus,
1093 1597 1178 1632 adeo
1201 1597 1434 1645 cupiditatum
1454 1597 1569 1631 victor
1593 1597 1694 1631 evasit
1709 1626 1716 1639 ,

28 1664 68 1690 ut
89 1657 176 1690 mira
199 1657 301 1691 etiam
323 1657 366 1691 de
390 1672 430 1692 eo
451 1666 648 1703 canantur3
670 1670 824 1706 quorum
845 1671 959 1692 unum
980 1657 1067 1692 illu-t
1091 1666 1161 1700 est,
1184 1657 1279 1706 quod
1302 1658 1333 1692 ei
1356 1672 1438 1692 cum
1460 1658 1643 1692 meretrice
1665 1672 1719 1692 ae-

27 1717 151 1751 cidissc
173 1717 312 1753 dicitur.
337 1717 437 1762 Quid
463 1733 544 1765 ergo
566 1719 613 1753 ait
635 1719 874 1754 adversarius?
895 1718 978 1753 Non
1000 1719 1133 1766 imago,
1159 1719 1295 1767 inquit„
1319 1719 1376 1753 scd
1400 1719 1568 1753 Polemon
1593 1733 1633 1753 cx
1655 1733 1717 1754 sua

26 1779 179 1825 imagine
208 1788 393 1827 spectans,
415 1780 627 1815 modestiam
654 1780 852 1828 impudicae
883 1781 1034 1816 feminae
1065 1781 1270 1830 imperavit3
1294 1788 1317 1802 ‘⁶
1342 1790 1377 1816 et
1405 1781 1548 1828 quidem
1576 1795 1717 1815 reuera-

28 1867 52 1881 „
82 1839 162 1873 hilis
191 1839 247 1874 illa
273 1849 346 1875 erat
372 1869 394 1883 ‚,
416 1841 511 1875 addit
536 1842 599 1889 (3).
620 1840 714 1875 Audi
737 1841 896 1878 caelum,
919 1855 1022 1876 aures
1044 1842 1167 1889 praebe
1189 1850 1279 1877 terra
1295 1871 1302 1883 ,
1325 1842 1439 1888 angeli
1461 1856 1584 1876 omnes
1606 1850 1634 1875 et
1659 1856 1716 1875 vos

9 1900 182 1935 homines
210 1909 385 1949 quotquot
408 1899 529 1937 Deum
551 1910 584 1936 et
606 1916 662 1937 res
684 1902 818 1937 divinas
846 1903 981 1949 egregie
1010 1903 1136 1950 pieque
1161 1903 1274 1938 colitis
1296 1916 1431 1951 semper
1455 1911 1488 1937 et
1514 1902 1714 1941 honoratis,

25 1961 260 2008 obstupescite
282 1970 315 1996 et
336 1962 561 1996 admiramini
584 1971 787 2010 portentum
816 1976 982 2010 magnum
1008 1963 1044 1997 in
1074 1964 1201 1998 horum
1224 1963 1411 2011 impiorum
1432 1962 1647 2010 impudentia
1670 1970 1717 1995 at-

24 2036 93 2069 que
116 2022 378 2069 irreligiositate.
408 2022 607 2058 Polemonis
629 2024 741 2071 imago
763 2024 972 2059 venerabilis
994 2033 1067 2067 est,
1090 2033 1123 2059 et
1143 2024 1287 2072 quidem
1310 2024 1353 2059 de
1376 2023 1615 2069 theologorum
1641 2037 1718 2056 nos-

26 2091 159 2117 trorum
183 2084 373 2129 sententiag
396 2083 525 2118 Christi
546 2092 661 2119 autem
683 2085 815 2131 imago,
834 2084 944 2133 quid?
963 2084 1139 2119 dedecore
1162 2085 1256 2120 omui
1281 2084 1565 2131 contumeliaque
1590 2083 1716 2117 redun-

25 2143 93 2178 dat.
123 2142 204 2189 Quo
227 2144 314 2192 quid
337 2145 561 2192 irreligiosius
581 2154 641 2180 aut
663 2145 842 2180 scelestius
870 2145 942 2180 dici
968 2146 1110 2194 potest?
1140 2145 1212 2180 Sed
1238 2145 1371 2180 ethnici
1386 2174 1393 2188 ‚
1416 2145 1537 2187 aiunt,
1560 2145 1713 2179 hominis

25 2212 61 2238 et
86 2204 179 2251 apud
209 2205 375 2241 ethnicos.
406 2204 504 2251 Quid
533 2205 570 2240 ni
599 2220 676 2240 vero
697 2206 740 2240 sit
768 2205 1055 2241 absurdissimum
1072 2235 1079 2249 ,
1104 2206 1132 2240 si
1157 2205 1288 2241 Christi
1315 2220 1457 2254 quoque
1481 2206 1594 2252 imago
1622 2205 1713 2253 apud

26 2264 245 2300 Christianos
266 2280 376 2315 aeque
399 2281 469 2301 non
493 2267 599 2301 suerit
621 2267 850 2303 venerabilis?
873 2267 1015 2302 Deinde
1037 2267 1149 2302 adhuc
1171 2281 1283 2315 quum
1307 2267 1370 2301 illis
1393 2267 1578 2315 opponitur
1599 2267 1640 2300 ab
1662 2280 1715 2300 or-

22 2326 178 2361 thodoxis
207 2336 395 2362 contextus
424 2328 549 2376 aliquis
577 2328 734 2362 veritatis
762 2337 951 2376 patronus,
976 2328 1201 2376 impudenter
1229 2327 1264 2362 hi
1293 2328 1415 2362 miseri
1442 2327 1483 2362 ad
1514 2341 1611 2362 suam
1639 2342 1715 2362 sen-

22 2387 169 2421 tentiam
188 2388 223 2422 vi
244 2388 460 2437 detorquent
484 2397 559 2423 tum
581 2388 770 2436 inspiratae
798 2389 1014 2437 scripturae,
1038 2398 1112 2424 tum
1134 2390 1376 2436 magistrorum
1398 2389 1565 2424 ecclesiae
1588 2389 1711 2429 verba,

21 2448 258 2483 existimantes
286 2463 425 2497 pravam
454 2463 553 2484 suam
582 2449 786 2497 opinionem
814 2449 1018 2485 infelicibus
1048 2450 1343 2498 mendacibusque
1371 2450 1580 2485 commentis
1612 2449 1713 2484 tucri.

22 2508 114 2556 Ergo
143 2509 218 2544 illos
248 2518 432 2545 contextus
463 2511 587 2559 partim
615 2510 798 2552 mutilant,
822 2511 948 2558 partim
978 2511 1129 2546 eradunt
1159 2519 1191 2545 et
1221 2511 1433 2557 succidunt3
1459 2511 1549 2545 sicut
1572 2510 1621 2544 illi
1650 2510 1711 2558 qui

23 2569 157 2616 spurios
183 2584 304 2606 versus
334 2571 434 2606 obelo
457 2572 639 2618 configunt
655 2600 662 2614 ‚
686 2580 748 2606 aut
769 2571 859 2606 sicut
882 2571 1140 2620 superfluitates
1162 2571 1320 2620 lapidum
1346 2571 1399 2606 vel
1422 2571 1599 2618 lignorum
1624 2570 1714 2604 aedi·

23 2630 184 2665 ficatores
212 2632 299 2666 fabri
327 2632 509 2668 abradunt.

101 2709 137 2739 (l)
156 2708 288 2743 lntelligit
305 2709 474 2745 Nicephorus
493 2710 625 2744 prolixam
645 2710 672 2735 S.
689 2709 791 2736 Mariae
810 2710 984 2745 aegyptiacae
1004 2710 1086 2737 vitam
1107 2718 1122 2737 a
1141 2710 1168 2737 S.
1186 2710 1342 2745 Sophronia
1362 2717 1457 2741 graece
1477 2710 1624 2744 scriptam,
1643 2716 1712 2741 quae

19 2756 93 2779 extat
111 2753 192 2779 etiam
211 2753 296 2781 latine
313 2754 386 2789 apud
407 2755 518 2782 Surium
541 2763 634 2782 mense
653 2755 747 2790 aprili.

102 2799 137 2827 (2)
156 2797 245 2824 Carm.
266 2799 303 2825 X.
324 2807 372 2826 seu
391 2799 424 2826 de
443 2800 557 2832 virtute7
577 2808 601 2826 v,
623 2803 684 2826 793.
706 2807 781 2834 seqq.
802 2801 843 2825 De
863 2799 914 2826 hoc
934 2799 1089 2826 Polemonis
1113 2800 1237 2835 exemplo
1258 2801 1286 2827 in
1305 2808 1365 2836 syn.
1387 2800 1501 2826 monem
1528 2798 1626 2827 citato,
1648 2801 1671 2822 et
1696 2804 1710 2822 :i

20 2841 309 2870 francofordiensibus
328 2843 498 2879 improbato,
519 2844 643 2879 loquitur
663 2843 824 2870 Hadrianus
839 2844 859 2869 Ι.
878 2852 946 2878 papa
966 2844 995 2870 in
1016 2843 1116 2871 celebri
1137 2844 1171 2871 ad
1191 2845 1318 2871 Carolum
1340 2846 1376 2871 M.
1393 2844 1520 2878 epistota.
1538 2849 1619 2876 quan]
1641 2840 1708 2866 ude.

103 2888 134 2917 xssss
156 2886 184 2912 Si
204 2893 301 2921 nempe
320 2887 358 2914 ait
377 2888 527 2923 Gregorius
547 2896 570 2914 v.
592 2891 653 2915 805.
676 2890 769 2918 worm
792 2889 901 2921 ἰδοῦσα,
920 2890 963 2915 καί
984 2890 1034 2924 γάρ
1057 2887 1082 2919 ἰν
1105 2889 1247 2924 σεβασμίκ,

1757 939 1794 959 Cr.
1812 946 1833 965 p.
1850 944 1885 959 N>..
