2203 3331
95 2375 101 2382 “
117 2379 150 2397 ar.
168 2370 277 2405 παραβε-

93 2406 231 2439 flavia-22:⁴53.

322 116 367 149 70
879 123 907 145 s.
934 123 1107 146 Nlcffl‘ltom
1135 123 1387 147 axrinaiffiricrs
1414 122 1450 146 11.

427 179 508 214 Post
529 179 610 212 haee
632 190 709 212 mox
730 176 788 212 ait.
814 185 861 225 ,59
885 178 965 213 Nou
987 178 1134 227 quilibet
1155 179 1254 226 panis
1269 206 1277 221 ,
1302 192 1425 226 corpus
1447 178 1544 223 eius3
1565 191 1631 213 nec
1659 179 1777 214 vinum
1798 179 1999 228 quodlibet,

330 246 377 286 ῥ’)
408 239 549 286 sanguis
573 238 665 283 cius3
683 237 745 272 sed
766 237 851 272 illud
874 247 1012 274 tantum
1033 240 1126 288 quod
1147 253 1209 287 per
1231 238 1484 273 sacerdotalem
1507 240 1809 275 consecrationem
1831 242 1998 285 offertur,

328 307 375 345 σς)
407 314 446 334 ex
468 299 667 333 manufacto
687 298 729 333 ad
751 312 821 333 non
843 301 1094 335 manufactum.
1120 306 1167 346 (ᾗ)
1193 298 1374 345 Quonam,
1395 312 1474 341 oro,
1493 298 1677 335 dubitante
1697 309 1757 336 aut
1778 301 1997 350 ambigente,

322 361 404 395 adeo
433 374 545 394 severe
570 368 605 394 et
626 358 834 395 fiducialiter
855 360 1012 395 adfirmat
1026 389 1034 403 ,
1055 375 1124 395 non
1147 360 1344 409 quemlibet
1364 373 1489 408 panem
1510 374 1582 395 esse
1608 360 1739 397 Christi
1760 377 1884 411 corpus
1899 391 1907 406 ,
1928 377 1996 399 nec

322 422 440 455 vinum
467 420 614 468 quodvis
638 434 708 455 esse
731 420 886 456 eiusdem
907 422 1136 469 sanguinem?
1165 421 1270 468 Quod
1300 435 1410 470 quum
1432 421 1528 456 nulla
1551 420 1849 459 demonstratione
1877 420 1995 471 egeat,

322 481 487 530 sapientia
517 481 591 516 eius
614 481 660 516 ita
682 481 777 530 loqui
799 482 943 529 dignum
970 484 1046 519 fuit.
1076 483 1151 518 lN'os
1173 491 1288 518 autem
1316 483 1401 517 haec
1428 496 1491 517 ccu
1519 482 1747 518 deliramenta
1768 498 1807 519 ac
1827 486 1928 520 verba
1956 486 1995 521 in

321 551 433 577 acrem
457 551 587 577 temere
612 543 736 578 iactata
758 543 959 579 omittentes
973 572 980 586 ,
1001 544 1045 579 ita
1068 544 1177 591 potitis
1200 544 1374 580 dicemus:
1392 543 1419 577 si
1442 544 1524 578 haec
1546 558 1633 591 quae
1655 543 1912 589 sacrificantur,
1931 547 1996 581 cir-

323 604 532 652 cumscripta
561 612 664 646 sunt,
687 604 784 653 panis
811 605 954 653 inquam
976 613 1009 639 ct
1030 605 1148 640 vinum
1163 633 1171 647 ,
1193 606 1346 652 profecto
1369 619 1495 653 corpus
1519 605 1607 639 illud
1629 619 1647 639 a
1668 603 1744 640 Deo
1764 607 1867 641 verbo
1889 615 1996 654 gesta-

322 672 418 706 tum,
444 678 640 712 numquam
671 679 709 700 cx
737 664 926 700 Nlamonae
954 665 1126 700 sementia
1153 666 1386 700 sacrificatum
1414 665 1500 708 suit,
1526 665 1587 714 qui
1617 665 1751 701 idcirco
1779 666 1865 702 illud
1892 667 1995 702 incir-

323 725 575 773 cumscriptum
603 726 698 761 (licit.
725 725 835 761 Unde
864 739 945 760 vero
974 735 1007 761 et
1035 726 1209 774 quomodo
1238 727 1345 761 hostia
1374 727 1426 761 illa
1450 740 1574 774 magna
1599 736 1632 761 et
1653 726 1868 762 immaculata
1890 736 1923 762 et
1942 742 1997 763 ve—

321 785 497 828 neranda,
521 786 708 834 expiatoria
731 786 877 834 inquam
896 786 951 820 illa
971 786 1111 821 victima
1125 815 1132 829 ,
1154 795 1189 821 et
1210 786 1372 822 universo
1396 788 1472 822 orbi
1499 787 1656 822 salutaris
1679 787 1926 834 dignoscetur?
1953 787 1995 822 Si

320 859 400 892 ergo
427 846 614 881 Nlamonas
642 846 865 889 credidisset,
888 847 1001 895 ipsum
1028 861 1091 894 pro
1120 846 1278 882 omnium
1305 848 1414 882 salute
1443 848 1682 890 immolatum,
1706 848 1771 883 hoc
1799 849 1942 891 saltem,
1965 849 1994 884 si

320 906 406 940 nihil
426 907 519 941 aliud
534 936 541 943 .
564 920 644 942 eum
665 907 798 954 pudore
821 907 1023 950 adfecisset,
1045 907 1139 955 quod
1163 916 1196 942 et
1218 907 1333 955 ipsum
1354 909 1658 957 circumscriptum
1681 909 1743 945 sit:
1765 918 1799 944 et
1823 909 1851 943 si
1875 910 1993 945 minus

319 967 537 1009 naturaliter,
559 967 651 1015 quod
675 967 789 1002 dicere
810 967 975 1002 stolidum
997 976 1066 1010 est,
1088 975 1181 1002 certe
1206 969 1489 1011 cmisecratione,
1509 978 1547 1004 ut
1572 983 1612 1004 ex
1635 969 1733 1004 istius·
1755 969 1927 1004 sententia
1948 970 1994 1004 lo-

318 1041 488 1074 quamur,
513 1028 816 1076 circumscriptum
839 1042 909 1063 esse
931 1036 1114 1076 oporteret.
1142 1028 1203 1063 Est
1224 1029 1330 1076 igitur
1354 1028 1660 1077 circumscriptum
1684 1030 1818 1065 Christi
1845 1044 1992 1078 corpus,

319 1087 455 1121 etiamsi
477 1088 541 1122 hoe
565 1087 627 1122 sibi
650 1088 856 1136 persuadere
877 1102 948 1123 non
969 1088 1042 1123 vult
1063 1088 1257 1125 NIamonas.
1285 1088 1415 1123 Adhuc
1438 1089 1554 1137 itaque
1577 1090 1640 1124 hae
1662 1104 1763 1138 super
1783 1104 1820 1125 re
1841 1090 1900 1125 diu
1924 1090 1993 1125 bla-

320 1155 440 1182 terans
468 1162 696 1197 nugansque,
724 1163 810 1197 quas
839 1163 902 1184 nos
932 1163 997 1185 ceu
1027 1149 1230 1185 rabidorum
1257 1158 1315 1184 aut
1342 1150 1533 1184 furentium
1559 1149 1613 1185 vel
1640 1151 1889 1186 bacchantium
1915 1151 1990 1186 sine

316 1208 515 1255 significatu
538 1217 571 1243 et
593 1209 827 1244 inarticulatas
854 1224 972 1253 voces,
994 1224 1066 1245 non
1088 1211 1160 1245 sine
1187 1218 1389 1258 contemptu
1419 1223 1638 1254 aversamur,
1660 1219 1779 1259 utpote
1807 1225 1896 1259 quae
1922 1212 1994 1260 pio-

316 1283 395 1304 rum
418 1283 457 1304 ac
481 1269 677 1305 sobriorum
697 1285 798 1306 aures
818 1272 1017 1315 sordidant,
1041 1281 1073 1307 et
1100 1272 1418 1321 pronunciantium
1444 1271 1603 1319 linguam
1624 1272 1903 1315 commaculant,
1923 1281 1994 1308 tur-

316 1330 432 1377 pidine
454 1330 663 1379 ineptiisque
692 1340 884 1378 scatentes3
909 1333 975 1368 sub
1004 1332 1256 1368 lucubrationis
1277 1346 1360 1368 suae
1383 1333 1452 1368 fine
1474 1346 1672 1368 sermonem
1696 1332 1932 1376 concludens,
1954 1333 1991 1368 in

316 1390 412 1426 hunc
434 1391 575 1426 modum
604 1392 752 1428 disserit.
780 1392 897 1428 Primo
927 1393 1071 1442 quidem
1096 1393 1182 1428 diris
1205 1408 1239 1428 se
1261 1393 1432 1428 devovens
1453 1393 1631 1436 adfirmat,
1651 1393 1829 1428 neminem
1849 1393 1993 1428 illorum

315 1450 356 1485 de
378 1452 508 1499 quibus
527 1453 628 1487 verba
649 1453 753 1496 facit,
773 1466 941 1502 umquam
962 1468 1034 1489 esse
1058 1455 1275 1503 suspicatum
1293 1468 1328 1489 se
1350 1468 1369 1489 a
1393 1453 1528 1488 Christi
1548 1453 1616 1488 fide
1637 1453 1821 1496 defecisse,
1839 1453 1991 1502 ideoque

314 1513 481 1549 adversus
511 1514 584 1549 eius
620 1514 807 1562 imaginem
840 1515 1058 1550 debacchari.
1088 1514 1169 1561 Quo
1197 1515 1275 1550 loco
1305 1515 1520 1550 defensionis
1549 1529 1629 1562 ergo
1658 1529 1798 1550 causam
1831 1514 1991 1557 indicat,

315 1575 411 1610 uude
437 1575 520 1610 haec
548 1575 613 1623 ipsi
641 1575 836 1611 criminatio
864 1576 1070 1611 adhaeserit.
1098 1575 1161 1611 Ait
1188 1576 1303 1618 enim,
1327 1590 1368 1611 ex
1396 1590 1466 1625 quo
1494 1576 1628 1610 adfines
1656 1575 1912 1624 domestieique
1935 1574 1993 1610 sui

314 1636 417 1670 relius
441 1636 538 1671 novis
562 1636 740 1672 studentes
763 1637 1018 1672 rebellaverunt
1041 1639 1114 1685 (1),
1136 1637 1230 1673 hanc
1252 1637 1355 1672 etiam
1382 1637 1425 1672 de
1447 1652 1482 1672 se
1507 1637 1784 1672 diffamationem
1811 1637 1848 1671 in
1869 1636 1993 1683 vulgus

314 1696 521 1739 manavisse,
544 1697 645 1746 quasi
666 1711 684 1731 a
704 1696 781 1732 Deo
803 1711 943 1732 aversus
966 1698 1106 1741 fuisset,
1127 1707 1231 1746 atque
1252 1698 1299 1733 ita
1320 1712 1339 1732 a
1359 1698 1479 1732 multis
1501 1697 1545 1732 de
1568 1711 1602 1732 se
1623 1697 1828 1732 iudicatum.
1848 1695 1992 1732 Deinde

312 1756 475 1804 pluribus
502 1757 753 1806 horrendisque
775 1758 1003 1801 iuramentis,
1024 1768 1063 1793 ut
1090 1759 1175 1794 solet
1195 1767 1314 1793 contra
1339 1758 1577 1805 evangelicum
1604 1758 1832 1800 mandatum,
1854 1771 1992 1805 persua-

313 1816 397 1852 dere
419 1827 581 1861 conatur,
600 1818 651 1853 vel
672 1819 786 1867 potius
807 1819 889 1854 salso
912 1819 1140 1855 iureiurando
1162 1819 1294 1862 illudit,
1312 1833 1346 1854 se
1365 1833 1482 1867 neque
1503 1819 1612 1853 verbis
1630 1833 1743 1867 neque
1764 1832 1867 1866 opere
1888 1817 1990 1852 talem

313 1877 436 1914 fuisse:
461 1892 626 1927 suamque
655 1880 697 1914 de
725 1880 791 1914 hoc
819 1879 978 1927 dogmate
1003 1880 1211 1929 opinionem
1231 1888 1335 1928 atque
1358 1879 1534 1914 iudicium
1554 1879 1798 1927 praesentibus
1820 1878 1989 1926 episcopis

313 1953 508 1986 exponens,
530 1948 685 1988 paratum
706 1955 739 1975 se
760 1941 809 1975 ait
829 1941 968 1976 illorum
989 1941 1114 1989 placita
1134 1941 1333 1976 admittere.
1359 1940 1433 1975 Sed
1454 1954 1532 1975 mox
1553 1939 1657 1988 paulo
1678 1940 1785 1981 insra,
1806 1953 1869 1987 pro
1890 1952 1989 1973 more

313 2014 398 2042 suo,
422 2014 462 2035 ex
483 2000 653 2036 simulatis
680 2001 900 2036 sermonibus
926 2001 969 2036 ad
990 2016 1026 2036 se
1048 2010 1242 2044 revertens,
1265 2001 1393 2036 iudicis
1421 2001 1527 2036 instar
1549 2015 1589 2035 ac
1611 2000 1788 2035 dictatoris
1818 1999 1989 2034 deceruit.

324 2053 327 2055 .
414 2063 445 2106 4.
479 2069 525 2106 <72³
558 2060 667 2107 Quod
694 2062 723 2096 si
744 2062 788 2096 de
808 2062 870 2097 hac
898 2076 967 2097 una
992 2062 1172 2110 (Christi)
1196 2062 1347 2109 imagine
1374 2062 1470 2096 vobis
1495 2061 1782 2110 persuadebimus
1805 2074 1870 2095 nos
1892 2069 1988 2095 recte

316 2127 363 2166 σ’ς’)
392 2121 543 2164 locutos,
562 2131 681 2170 postea
703 2123 744 2158 de
767 2123 843 2157 aliis
864 2137 1004 2172 quoque
1027 2123 1236 2171 imaginibus
1258 2123 1437 2157 vobiscum
1455 2136 1557 2170 agere
1578 2122 1808 2164 meditamur,
1829 2129 1868 2157 ut
1890 2129 1925 2155 et
1945 2120 1988 2155 de

317 2188 363 2227 0⁸4³
393 2183 445 2217 his
468 2183 638 2219 iudicetis.
660 2183 752 2218 Nam
774 2183 907 2219 iudicio
928 2193 1042 2219 vestro
1064 2198 1182 2219 sumus
1204 2183 1427 2232 adquieturi‚
1450 2184 1543 2231 quod
1566 2197 1692 2231 nempe
1714 2196 1797 2217 cum
1819 2182 1893 2217 aliis
1917 2181 1987 2230 epi-

317 2248 365 2286 02³
396 2243 506 2290 scopis
525 2244 734 2279 concordare
748 2244 888 2287 voletis,
901 2245 1067 2293 iustisque
1082 2245 1266 2280 momentis
1284 2244 1424 2292 impulsi
1443 2244 1604 2290 suffragia
1622 2252 1734 2278 vestra
1748 2243 1923 2291 praehere.
1937 2249 1985 2288 0²9

312 2301 406 2336 Haec
434 2303 511 2345 ille,
534 2304 665 2339 etenim
693 2293 862 2340 nonnulla
883 2305 926 2340 ad
948 2305 1096 2341 litteram
1120 2305 1384 2354 exscripsimus,
1407 2313 1445 2339 ut
1473 2304 1578 2352 ipsius
1601 2318 1619 2338 a
1641 2303 1721 2338 Deo
1746 2303 1911 2351 apostasia
1932 2317 1988 2350 pa-

312 2362 380 2397 lam
401 2364 499 2398 fieret
513 2392 521 2407 ,
544 2373 575 2398 et
596 2365 874 2401 iuramentorum
893 2366 1101 2401 violatorum
1120 2368 1138 2387 ᾗ
1158 2366 1386 2401 mendacium
1409 2373 1678 2413 coargueretur,
1700 2378 1767 2398 nec
1790 2377 1861 2398 non
1882 2363 1988 2410 hypo-

313 2421 411 2458 crisis
438 2432 541 2472 atque
570 2425 692 2468 dolus,
720 2434 753 2460 et
781 2440 859 2474 erga
887 2427 1022 2474 ignaros
1050 2426 1165 2462 illusio
1194 2427 1445 2462 innotesceret.
1476 2425 1572 2472 Quid
1601 2433 1715 2460 autem
1743 2433 1792 2459 est
1819 2423 1914 2472 quod
1942 2423 1985 2458 de

313 2484 440 2518 ceteris
467 2484 675 2531 imaginibus
702 2486 819 2522 dicere
847 2487 978 2523 vellet?
1005 2502 1132 2536 quasve
1160 2497 1277 2522 mente
1307 2487 1448 2522 molitur
1477 2485 1780 2521 machinationes?
1807 2484 1987 2519 Nimirum

310 2553 493 2593 postquam
519 2554 681 2593 portenta
709 2547 815 2582 multa
842 2547 1060 2597 ineptiasque
1086 2549 1247 2584 adversus
1269 2548 1337 2583 Dei
1358 2547 1467 2583 Verbi
1492 2546 1771 2581 incarnationem
1801 2553 1988 2580 contexue-

310 2605 373 2647 rit,
393 2605 434 2640 ad
455 2606 628 2641 vesaniam
649 2620 747 2641 suam
767 2616 887 2643 contra
908 2618 1109 2644 sanctorum
1131 2609 1235 2644 etiam
1256 2616 1486 2644 monumenta
1508 2607 1613 2655 impie
1635 2606 1907 2654 expromendam
1929 2605 1985 2640 de-

385 2713 420 2741 (1)
441 2710 565 2745 Intellige
580 2710 780 2743 artabasdum,
796 2711 844 2746 qui
862 2713 1024 2748 Copronymi
1043 2721 1162 2740 sororem
1178 2713 1206 2740 in
1222 2713 1395 2740 matrimonio
1411 2711 1538 2738 habebat.
1561 2711 1611 2737 Ille
1626 2710 1751 2737 videlicet
1767 2710 1894 2737 adversus
1914 2711 1987 2737 hunc

307 2753 458 2786 rebellavit,
473 2758 500 2781 et
517 2762 608 2781 sacras
626 2755 758 2790 imagines
778 2755 886 2790 publice
906 2757 1036 2789 restituit,
1051 2759 1308 2793 Copronyinuinque
1328 2756 1494 2783 haereticum
1514 2755 1686 2790 patriarchae
1706 2763 1768 2781 voce
1789 2754 1986 2781 declarandum

307 2798 417 2824 curarit.
438 2797 490 2825 Sed
510 2797 678 2825 Artabasdus
697 2798 808 2826 deinum
827 2798 900 2827 bello
918 2807 1063 2835 oppressus
1081 2801 1143 2828 fuit.
1164 2801 1324 2836 Theophan.
1346 2800 1441 2827 chron.
1462 2798 1504 2826 ed.
1527 2799 1609 2833 paris.
1631 2807 1656 2834 p.
1678 2802 1743 2831 349,
1765 2803 1791 2825 et
1810 2801 1870 2826 352.
