2203 3331
231 672 239 682 '
257 671 282 691 l=-v
303 670 339 690 Xl.
356 673 373 689 5³.

170 1577 179 1587 '
195 1577 250 1595 hen.
263 1574 329 1594 xxti,
345 1577 374 1594 17.

195 2000 204 2009 ·
220 1997 289 2024 Soph.
306 1997 332 2017 H⁴
351 2000 380 2017 tt.

414 172 478 205 186
1002 181 1030 203 s.
1057 181 1225 203 Nicernom
1253 180 1488 202 women-ncrs

411 250 512 285 quam
541 235 680 269 desinet
711 236 785 280 (ι),
809 248 925 282 neque
955 235 1061 270 finem
1089 236 1274 284 aliquando
1304 236 1435 283 eapiet3
1463 237 1566 269 immo
1594 248 1675 269 vero
1703 236 1762 284 qui
1791 235 1824 269 in
1854 236 1995 271 saeculo
2019 250 2082 284 per

412 296 561 341 singulas
584 296 825 341 generationes
846 295 961 330 vivent
984 296 1140 330 homines
1155 325 1162 338 ‚
1186 310 1254 330 uon
1277 295 1437 329 desinent
1460 309 1525 330 ceu
1549 294 1666 329 Deum
1690 309 1806 342 regem
1831 310 1934 330 suum
1958 309 2083 342 cogno-

411 370 505 389 scere
528 363 633 402 atque
661 354 804 389 adorare
835 355 1016 390 Christum
1046 355 1162 391 Deum
1192 364 1371 397 nostrum,
1393 368 1601 402 omnemque
1625 355 1788 390 idolicam
1809 356 1977 390 detestari
2006 356 2082 390 abo-

412 415 650 450 minationem.
680 415 874 450 Nobiscum
897 416 990 450 enim
1012 425 1058 451 est
1084 417 1220 451 cunctis
1241 415 1364 450 diebus
1387 429 1493 463 usque
1517 415 1556 449 ad
1582 415 1712 449 saeculi
1735 416 2081 450 consummationem.

413 476 485 521 Qui
509 489 586 510 vero
608 476 693 510 liaeo
716 489 786 509 non
810 476 1031 523 intelligunt,
1055 486 1236 523 nugentur
1258 490 1339 510 saue
1361 484 1498 511 aeterna
1524 476 1710 521 ignominia
1734 476 1885 523 persusig
1908 490 1942 510 se
1965 484 2079 510 tamen

413 535 611 570 inconsulta
635 536 730 583 loqui
754 536 915 570 adversus
942 536 1076 571 (Itu-isti
1102 537 1284 571 ecclesiam
1310 537 1431 571 sciant.

515 595 620 641 Quod
642 596 785 644 quidem
807 597 848 631 de
871 597 1008 644 proprio
1031 597 1136 631 corde
1159 597 1366 645 loquantur,
1390 606 1420 632 et
1445 597 1618 631 contrario
1640 596 1761 644 spiritu
1794 596 1956 630 commoti
1978 596 2083 629 blate-

412 665 506 699 rent,
529 657 613 691 alius
635 657 741 691 deifer
762 657 856 691 testis
880 657 970 691 adsit
992 665 1023 691 et
1046 657 1139 691 dicat
1161 659 1196 693 *ἦ
1219 664 1241 678 “
1266 658 1391 705 repleta
1416 666 1467 692 est
1491 658 1650 692 universa
1677 666 1761 691 terra
1785 655 2083 702 scientiagloriac

415 747 436 760 .,
464 717 630 759 Domini,
651 718 739 752 sicut
761 726 843 752 sunt
865 732 970 765 aquae
994 717 1120 751 inultae
1144 718 1244 751 maris
1263 718 1470 765 operientes
1493 747 1515 760 ,.
1538 717 1629 752 Exiit
1651 719 1738 752 sama
1759 717 1871 751 divini
1893 717 2086 755 adventus,

413 793 522 826 usque
545 779 587 813 ad
610 779 776 813 terminos
799 779 923 812 mundi
944 778 1155 812 discurrens.
1186 779 1292 825 Capta
1317 787 1363 812 est
1390 779 1546 813 universa
1571 779 1727 825 gentium
1750 778 1958 820 multitudo,
1980 778 2088 825 reple—

411 848 514 887 taque
541 839 610 873 suit
632 839 748 873 divina
772 839 876 885 gloria
900 847 931 872 et
954 838 1118 882 scientiag
1144 838 1187 872 ita
1210 847 1250 872 ut
1270 852 1441 886 aquarum
1464 839 1513 873 vis
1535 854 1599 873 ceu
1624 853 1717 873 mare
1740 838 1952 879 inundaret,
1975 837 2010 871 id
2034 845 2087 872 est

412 899 630 934 scaturientis
653 899 779 945 gratiae
801 897 978 932 affluentia
1002 906 1035 932 et
1058 897 1179 945 copia,
1204 899 1238 932 in
1264 899 1372 933 ubere
1402 899 1577 933 effusione
1607 899 1767 933 datorum
1796 899 1906 933 sancti
1930 897 2088 945 Spiritus

410 972 620 1001 munerum,
643 959 767 1007 quibus
792 959 823 992 in
847 958 990 992 salutari
1020 958 1221 1005 baptismate
1253 959 1439 993 credentes
1467 968 1645 995 ornantur.
1676 959 1832 993 Fortasse
1861 958 1954 992 enim
1978 957 2088 991 divini

410 1019 532 1054 lavacri
556 1019 695 1065 gratiam
716 1019 815 1052 rerba
835 1019 921 1052 haec
944 1018 1044 1052 nohis
1066 1019 1238 1060 innuunt,
1256 1019 1290 1053 in
1310 1033 1379 1066 quo
1399 1019 1585 1053 illuminati
1605 1019 1762 1053 homines
1783 1018 1917 1066 peccati
1936 1017 2089 1051 maculas

413 1080 547 1114 eluunt.
578 1079 668 1113 Nam
695 1079 789 1113 trina
819 1079 1014 1120 mersione,
1037 1093 1103 1127 qua
1131 1092 1313 1126 supremae
1337 1079 1521 1114 Trinitatis
1544 1080 1716 1114 invocatio
1747 1081 1782 1114 sit
1799 1108 1806 1122 ‚
1828 1093 1993 1127 personas
2019 1086 2088 1112 tres

413 1148 445 1174 et
467 1139 806 1187 supersubstantialis
829 1138 968 1173 deitatis
992 1139 1163 1173 unitatem
1187 1140 1411 1182 confitendo,
1435 1149 1643 1186 merguntur
1658 1169 1665 1181 ,
1688 1154 1846 1188 puraque
1869 1148 1901 1173 et
1924 1140 2090 1173 immacu-

412 1200 477 1233 lata
507 1213 596 1246 aqua
618 1199 739 1233 obruti
762 1199 1074 1246 consepeliuntur,
1095 1200 1174 1246 igne
1199 1199 1354 1247 SpIritus
1376 1200 1551 1247 purificati
1566 1229 1574 1242 ‚
1596 1201 1655 1248 qni
1685 1209 1785 1234 antea
1814 1199 1956 1234 marinis
1985 1198 2090 1233 veluti

412 1260 580 1294 fluetibus
596 1287 603 1299 ,
625 1267 766 1307 propter
787 1259 1001 1294 dominantis
1024 1260 1239 1294 infidelitatis
1261 1260 1468 1295 salsedinem
1483 1289 1490 1302 ,
1514 1260 1644 1295 similes
1667 1269 1778 1295 erant.
1803 1259 1864 1294 Sic
1887 1259 1983 1294 enim
2004 1267 2093 1293 vete-

412 1333 488 1355 rem
510 1320 687 1354 Adamum
710 1319 945 1367 deponentes,
966 1334 1054 1355 novo
1079 1329 1113 1355 et
1136 1321 1333 1355 secundum
1354 1321 1533 1355 Christum
1557 1321 1697 1356 condito
1720 1321 1931 1355 induuntur.
1952 1320 2090 1367 Nempe

412 1381 535 1414 horum
559 1380 726 1426 evangelii
746 1380 1121 1414 vocationi'celerrime
1150 1381 1391 1415 obedientium
1413 1389 1516 1429 atque
1538 1382 1801 1416 accurrentium
1826 1380 2092 1415 multitudinem

414 1440 709 1475 innumerabilem
729 1440 889 1483 denotat,
908 1454 996 1488 quae
1014 1440 1114 1474 maris
1132 1455 1274 1489 quoque
1292 1455 1494 1476 mensuram
1514 1442 1660 1489 mystice
1680 1441 1865 1489 superabit.
1883 1441 1991 1475 Velut
2010 1439 2092 1474 olim

413 1501 628 1550 patriarchae
656 1501 855 1535 Abrahamo
883 1515 900 1534 a
928 1500 1004 1535 Deo
1034 1501 1231 1548 spondente
1261 1510 1439 1537 ostensum
1468 1502 1558 1545 fuit,
1580 1503 1650 1537 sore
1679 1511 1718 1536 ut
1741 1502 1776 1536 in
1801 1510 1931 1536 tantam
1958 1500 2094 1548 copiam

414 1562 619 1609 promissum
642 1562 673 1596 ei
697 1575 817 1596 semen
841 1570 1080 1603 excresceret,
1099 1570 1135 1595 ut
1159 1562 1243 1596 caeli
1265 1562 1439 1596 sideribus
1461 1571 1493 1596 et
1514 1571 1624 1596 terrae
1642 1562 1780 1596 harenis
1797 1569 2049 1609 exaequaretur
2067 1562 2094 1594 ξ.

416 1622 544 1670 Reapse
568 1635 638 1655 non
662 1635 755 1655 mare
779 1620 1043 1662 tantunnnodo,
1069 1621 1126 1655 sed
1152 1629 1184 1655 et
1206 1629 1311 1655 totam
1334 1630 1464 1656 terram
1487 1621 1633 1669 eiusque
1656 1622 1743 1656 fines
1765 1630 1872 1669 atque
1893 1621 2096 1655 universum

414 1683 588 1718 mundum
609 1682 726 1728 religio
750 1689 867 1715 nostra
891 1681 1010 1728 replet.
1042 1681 1177 1716 Cuncti
1199 1682 1293 1715 enim
1315 1681 1409 1716 velut
1430 1681 1603 1716 docibiles
1625 1681 1691 1716 Dei
1706 1710 1713 1723 ,
1739 1691 1772 1715 et
1793 1682 1926 1715 lavacro
1954 1695 2098 1727 regene—

419 1743 557 1777 rationis
580 1756 620 1777 ac
642 1756 702 1789 per
723 1750 885 1776 sanctum
909 1741 1082 1789 Spiritum
1104 1742 1341 1776 renovationis
1362 1742 1554 1789 purificati,
1576 1742 1683 1789 gloria
1705 1750 1737 1776 et
1759 1742 1885 1776 notitia
1908 1742 1981 1776 eius
2004 1756 2096 1777 com.-

415 1804 574 1852 plentur,
597 1803 802 1850 nullumque
833 1803 997 1837 idolicum
1026 1803 1209 1849 vestigium
1230 1802 1284 1837 vel
1307 1803 1468 1837 umbram
1496 1803 1668 1845 retinent,
1691 1817 1805 1851 neque
1835 1817 2000 1851 umquam
2028 1817 2097 1837 me-

418 1864 613 1898 morabunt.
643 1862 813 1910 Sequitur
844 1878 924 1909 ergo
956 1872 991 1897 ut
1020 1863 1225 1905 adversarii,
1248 1863 1378 1911 impuri
1407 1863 1550 1911 spiritus
1579 1863 1779 1911 operatione
1808 1864 2009 1904 informati,
2035 1878 2097 1898 nu-

419 1925 485 1971 gari
510 1925 577 1958 iam
602 1924 727 1958 frustra
753 1924 916 1958 adversus
945 1923 1076 1958 Christi
1102 1923 1285 1958 ecclesiam
1310 1923 1506 1960 videantur.

520 1984 623 2018 Alius
645 1984 758 2018 adhue
782 1985 883 2018 nobis
910 1984 1018 2018 deifer
1042 1984 1076 2018 in
1104 1984 1262 2019 medium
1283 1984 1495 2032 producatur
1518 1993 1551 2019 et
1571 1985 1664 2019 dicat
1685 1987 1721 2021 ³³:
1742 1991 1763 2005 ³²
1789 1985 1965 2032 apparebit
1991 1999 2096 2032 super

422 2074 443 2087 .,
474 2059 531 2078 eos
554 2043 750 2083 Dominus,
773 2044 1003 2091 destruetque
1026 2057 1150 2078 omnes
1171 2045 1254 2079 deos
1276 2045 1435 2091 gentium
1457 2053 1587 2087 terrae,
1611 2054 1645 2079 et
1666 2045 1863 2080 adorabunt
1885 2058 1966 2079 eum
1987 2058 2099 2079 unus—

421 2134 443 2145 .,
472 2106 619 2153 quisque
645 2104 687 2139 (le
712 2105 788 2138 loeo
818 2118 904 2146 suo,
929 2113 1078 2139 cunctae
1102 2105 1235 2139 insulae
1261 2105 1427 2151 gentiunt.
1451 2133 1474 2147 ‚‚
1497 2104 1593 2150 Quid
1622 2106 1673 2139 his
1702 2105 1830 2139 clarius
1857 2114 1959 2153 atque
1989 2105 2100 2152 limpi-

419 2166 518 2208 dius,
540 2165 682 2200 maximi
705 2178 827 2212 nempe
856 2166 1024 2199 momenti
1054 2165 1159 2200 fuisse
1185 2174 1219 2200 et
1239 2165 1395 2213 apprime
1422 2165 1607 2200 salutarem
1627 2164 1694 2199 Dei
1715 2165 1827 2199 Verbi
1854 2165 2029 2200 visibilem
2056 2167 2097 2200 ad

421 2240 484 2260 nos
512 2226 749 2261 descensum?
778 2225 846 2259 Per
872 2225 985 2273 ipsum
1009 2225 1138 2274 quippe
1166 2226 1303 2260 liberati
1330 2227 1462 2261 suimus
1495 2226 1711 2274 polytlieismi
1739 2240 1853 2260 errore
1881 2226 2098 2275 quicumque

422 2286 569 2321 ethnicis
596 2286 738 2321 oriundi
760 2299 881 2320 sumus
897 2315 904 2328 ,
928 2295 1030 2333 atque
1057 2299 1170 2320 unum
1198 2300 1319 2320 verum
1340 2285 1456 2321 Deum
1479 2295 1609 2335 patrem
1632 2286 1870 2333 agnoscimus,
1895 2295 1926 2320 et
1947 2300 2050 2334 quem
2072 2287 2097 2320 is

421 2347 513 2381 misit
534 2346 652 2381 lesum
676 2346 880 2388 Christum,
902 2346 1086 2380 dommum
1107 2354 1268 2380 nostrum
1288 2360 1325 2381 ae
1348 2345 1476 2382 Deum.
1507 2346 1577 2381 Sed
1601 2355 1639 2381 ut
1660 2346 1820 2389 videtur,
1844 2347 1905 2394 qui
1932 2344 2099 2381 furiosam

424 2407 516 2441 illam
541 2406 687 2454 Deoque
716 2407 879 2441 odibilem
907 2406 1107 2440 doctrinam
1134 2406 1346 2449 hauserunt,
1371 2421 1468 2442 caeca
1498 2408 1612 2442 adhuc
1640 2407 1854 2442 obscuritate
1883 2407 2098 2453 ignorantiae

424 2467 574 2508 detenti,
595 2466 731 2500 divinae
753 2467 920 2501 scientiae
942 2466 1186 2514 splendoribus
1210 2467 1373 2502 nondum
1395 2476 1476 2502 sunt
1505 2467 1674 2502 illustrati.
1701 2467 1855 2501 Esfatum
1881 2467 1944 2500 hoc
1959 2495 1966 2508 ‚
1989 2466 2100 2501 iudai-

425 2541 482 2562 cae
505 2541 643 2574 quoque.
668 2527 905 2574 impudentiae
929 2541 966 2561 os
993 2527 1141 2575 oppilat,
1162 2527 1190 2562 si
1211 2528 1303 2562 forte
1329 2528 1446 2562 dicere
1468 2528 1597 2569 velint,
1619 2527 1712 2575 quod
1738 2527 1820 2575 ipsis
1841 2526 2018 2574 Babylone
2048 2542 2100 2562 re-

424 2588 575 2629 vocatis,
598 2586 728 2621 ethnici
757 2587 806 2620 illi
834 2588 891 2634 qui
920 2588 1024 2622 fidem
1046 2601 1127 2634 erga
1148 2587 1266 2622 Deum
1294 2597 1539 2636 susceperant,
1563 2588 1605 2622 ad
1630 2587 1799 2635 templum
1822 2587 1918 2635 quod
1941 2587 2101 2623 Hieroso—

425 2648 526 2696 lymis
547 2656 638 2689 erat,
660 2646 802 2693 legalem
833 2647 969 2682 cultum
996 2661 1101 2682 suum
1129 2648 1316 2683 deferrent.
1347 2647 1483 2683 Contra
1513 2647 1627 2690 enim,
1648 2647 1891 2695 propheticum
1916 2647 2099 2683 oraculum

427 2721 715 2756 unumquemque
744 2707 786 2742 de
813 2707 891 2741 loco
919 2722 979 2742 suo
1009 2707 1237 2743 adoraturum
1266 2707 1521 2756 pronunciavit.
1549 2707 1729 2742 Nimirum
1757 2708 1850 2742 haud
1877 2707 1920 2742 de
1948 2708 2022 2755 lege
2052 2708 2099 2742 ibi

507 2797 541 2825 (Γ,
562 2794 706 2821 Saeculum
730 2793 859 2828 intelligit
883 2793 977 2820 mundi
998 2798 1129 2827 aetatem,
1150 2795 1204 2821 sive
1228 2796 1359 2830 temporis
1382 2794 1522 2830 periodum
1544 2802 1557 2821 a
1577 2795 1634 2821 Deo
1656 2793 1719 2820 huie
1742 2793 1845 2820 inundo
1867 2793 2012 2829 adsignati.
2034 2795 2104 2820 Ecce

427 2838 499 2865 enim
519 2838 602 2873 paulo
622 2842 682 2874 post
701 2838 901 2866 consummatio
920 2839 1021 2865 sacculi
1041 2843 1217 2866 memoratur.
