2309 3351
814 153 884 190 AD
912 149 950 188 S.
984 148 1268 187 NICEPHORI
1297 149 1470 188 OPERA

698 292 1079 348 QDDOENDERE&
1109 291 1585 342 &Raatataffloa

475 526 494 541 Ἴ

401 564 427 596 Ι.
457 528 642 595 banctum
666 556 901 602 Nicephorum
920 555 1100 589 doctrinae
1119 552 1324 599 pietatisque
1344 550 1485 585 dotibus
1504 557 1645 584 cunctos
1665 550 1703 596 b)
1713 551 1865 584 zantinac
1885 549 1994 583 ecclc,-

304 623 374 656 siae
393 626 469 666 post
486 618 770 660 Chrysostomum
792 613 967 660 praesules
984 623 1182 658 superasse,
1204 621 1285 644 vere
1304 609 1389 642 mihi
1409 609 1534 642 dixisse
1553 608 1690 642 xidetur
1709 608 1890 641 Anselmns
1908 608 1996 640 Ban-

307 678 442 714 dmius,
462 674 521 719 qui
540 672 633 705 illius
651 683 757 718 opera
777 683 817 705 ex
837 683 919 704 mss.
942 670 1126 714 colligere,
1150 674 1184 703 et
1202 666 1343 702 duobus
1362 666 1611 712 comprehensa
1637 664 1874 699 roluminibns
1895 665 1997 698 cdere

305 734 545 771 constituerat3
568 741 779 774 quamquam
799 730 871 763 eins
889 728 1092 765 consilium,
1114 738 1185 759 non
1212 725 1352 759 insolito
1371 724 1605 757 humanarum
1626 734 1741 755 rerum
1762 734 1858 759 casn,
1881 728 1997 768 postca

304 789 453 824 evanuit.
481 787 563 821 Mihi
589 789 624 821 in
649 788 804 820 vaticana
830 785 1043 819 bibliotheca
1069 784 1141 818 duo
1168 794 1250 830 prae
1277 783 1399 816 ceteris
1422 780 1594 815 observati
1622 780 1760 813 suerunt
1788 780 1998 813 inet‘iitornm

304 846 488 892 Nicephori
515 845 725 890 scriptorum
751 843 1018 888 codicespunus
1045 843 1078 875 in
1106 841 1168 874 fot.
1191 839 1448 886 pulcherrimus
1468 845 1585 875 vetus,
1607 838 1703 871 cuius
1729 838 1875 883 primam
1902 838 1999 881 pagi—

305 915 385 937 nam
410 903 517 937 habes
542 904 577 936 in
604 903 671 936 hoc
696 908 816 935 nostro
841 901 1020 935 xolumine
1047 911 1125 933 aere
1151 909 1337 936 excusam;
1365 898 1463 942 isque
1490 896 1641 930 continet
1674 896 1703 928 1.
1734 894 1998 940 Apologeticum

305 973 370 1008 pro
389 973 433 995 ss.
456 960 664 1006 imaginibus
685 962 812 1005 (quem
833 960 912 993 dico
932 959 1099 992 maiorem
1112 983 1120 996 ,
1142 955 1179 991 ut
1198 969 1216 990 a
1236 957 1372 990 minore
1392 955 1459 988 alio
1478 954 1706 999 distinguam,
1727 953 1770 986 de
1788 964 1859 998 quo
1879 964 1971 985 mox.
1991 953 1999 996 )

305 1022 340 1053 2.
368 1020 449 1053 Tres
475 1018 640 1052 adversus
666 1018 929 1052 Constantinum
956 1017 1219 1061 Copronymum
1235 1040 1243 1053 ‚
1273 1012 1538 1047 iconomachum
1565 1012 1681 1045 dirum
1698 1036 1706 1048 ,
1734 1009 1998 1043 Antirrheticos.

305 1077 404 1111 Alter
431 1084 546 1111 autem
574 1077 699 1122 (quem
726 1076 832 1121 paulo
859 1076 969 1109 serius
996 1080 1117 1119 coepta
1144 1074 1212 1106 iam
1239 1071 1391 1105 editione
1417 1070 1550 1116 reperi)
1578 1070 1711 1116 priscus
1738 1079 1845 1113 aeque
1871 1067 1999 1105 codex,

306 1133 523 1169 subiunctam
543 1135 687 1167 nicaeno
706 1134 749 1165 11.
772 1133 919 1166 concilio
940 1131 1099 1177 praebuit
1119 1130 1203 1164 mihi
1223 1130 1378 1164 eiusdem
1402 1128 1588 1174 Nicephori
1608 1127 1803 1161 orationem
1823 1136 1883 1158 scu
1903 1123 2003 1157 libel-

306 1192 380 1225 lum
400 1203 465 1236 pro
484 1192 587 1224 sacris
605 1191 687 1224 item
712 1189 940 1235 imaginibus,
962 1201 1067 1234 quem
1093 1189 1363 1235 Apologeticum
1384 1187 1556 1220 minorem
1581 1184 1751 1230 inscripsi.
1782 1185 1890 1216 Porro
1911 1182 2002 1216 hunc

308 1249 480 1281 minorem
507 1260 525 1282 a
552 1248 749 1293 Nicephoro
775 1248 878 1281 fuisse
905 1247 1137 1292 compositum
1163 1245 1228 1279 suh
1254 1247 1370 1279 Leone
1396 1244 1571 1281 armenio,
1600 1242 1727 1288 pariter
1754 1239 2000 1277 iconomacho,

309 1316 400 1339 anno
421 1305 509 1343 813;
531 1305 699 1338 maiorem
719 1311 853 1341 autem,
877 1310 1042 1348 regnante
1062 1303 1205 1340 eodem,
1228 1314 1284 1335 an.
1311 1303 1399 1340 817,
1424 1300 1660 1334 demonstravi
1679 1300 1714 1332 in
1739 1304 1835 1345 parte
1852 1297 2003 1331 volumi-

309 1363 362 1395 nis
388 1363 492 1395 latina
519 1373 554 1406 p.
581 1363 637 1394 11.
661 1367 694 1394 et
718 1362 797 1394 17t.
820 1361 989 1393 Editionis
1015 1367 1130 1393 autem
1157 1360 1249 1392 hunc
1274 1359 1435 1392 ordinem
1461 1359 1575 1395 tenui,
1598 1363 1635 1391 ut
1655 1358 1769 1402 primo
1794 1362 1862 1389 tres
1887 1355 2005 1388 Antir-

309 1418 458 1451 rheticos
484 1428 672 1463 ponerem,
693 1428 845 1461 quorum
872 1416 1115 1450 iucundiorem
1142 1416 1326 1449 lectionem
1354 1415 1428 1448 fore
1452 1415 1661 1447 existimavi:
1684 1413 1810 1446 deinde
1836 1412 2005 1445 maiorem

308 1475 574 1520 Apologeticum
593 1500 601 1513 ,
629 1474 726 1508 cuius
757 1474 937 1520 prolixitas
962 1480 995 1507 et
1022 1474 1090 1507 alta
1121 1473 1318 1518 theologiae
1349 1479 1461 1505 strues
1490 1471 1603 1504 multo
1634 1471 1743 1504 maius
1769 1468 2004 1502 studiosorum

308 1532 419 1566 otium
438 1532 599 1577 requirit:
622 1537 742 1577 postea
760 1532 929 1566 collocavi
947 1531 1215 1577 Apologeticum
1233 1531 1405 1563 minorem
1424 1540 1503 1563 cum
1522 1528 1681 1562 adiuncta
1700 1527 2001 1572 interpretatione:

308 1590 457 1634 denique
483 1590 589 1622 trium
609 1589 924 1622 Antirrheticorum
943 1595 977 1623 et
996 1589 1213 1634 Apologetici
1233 1588 1373 1621 maioris
1399 1587 1541 1620 latinam
1560 1587 1641 1620 item
1661 1585 1981 1631 interpretationem
1995 1609 2002 1622 ,

311 1657 390 1679 cum
416 1645 513 1679 brevi
540 1646 763 1680 materiarum
788 1646 914 1680 indice.

409 1703 451 1735 ΙΙ.
481 1702 617 1736 Bellum
640 1703 733 1748 apud
756 1704 904 1737 Graecos
929 1704 1212 1737 iconoclasticum
1236 1715 1346 1748 quum
1368 1703 1470 1737 multi
1498 1704 1565 1735 iam
1592 1702 1813 1747 scripserint,
1835 1712 1900 1745 ego
1920 1700 2009 1734 hanc

311 1758 453 1803 quidem
481 1759 657 1793 crambem
681 1772 751 1794 non
776 1772 982 1805 recoquam:
1009 1760 1069 1794 sed
1089 1761 1170 1806 quia
1189 1760 1406 1806 Nicephorus
1434 1761 1469 1793 in
1496 1760 1640 1793 minoris
1660 1758 1879 1804 Apologetici
1906 1757 2008 1790 titulo

311 1816 357 1848 ait
379 1827 414 1848 se
439 1827 538 1850 causa
563 1819 645 1851 novi
666 1818 858 1851 schismatis
883 1817 1052 1856 scribere,
1075 1819 1141 1852 hoc
1164 1830 1272 1851 unum
1296 1818 1427 1855 dicam,
1450 1817 1642 1850 demortuis
1666 1823 1861 1849 sanctarum
1888 1815 2008 1858 imagi-

311 1883 396 1905 num
422 1873 582 1907 hostibus
607 1875 722 1908 Leone
748 1875 895 1908 isaurico
923 1882 956 1909 et
982 1876 1227 1921 Copronymm
1256 1887 1365 1920 eaque
1396 1874 1527 1908 haeresi
1557 1875 1591 1906 in
1619 1874 1762 1907 nicaeno
1788 1873 1830 1904 11.
1859 1870 2007 1904 concilio

311 1940 367 1963 an.
385 1931 468 1964 787.
491 1931 671 1970 damnata,
693 1944 813 1966 rursus
832 1933 897 1967 suh
920 1935 1032 1968 Leone
1052 1935 1223 1971 armenio,
1240 1946 1345 1979 quem
1364 1934 1472 1967 factus
1492 1934 1560 1966 iam
1580 1931 1773 1978 patriarcha
1792 1929 2007 1975 Nicephorus

312 1997 368 2020 an.
399 1988 481 2021 813.
511 1997 755 2029 coronaverat,
785 2003 803 2024 e
832 1991 1008 2025 cineribus
1037 1992 1108 2025 suis
1138 1998 1296 2025 renatum
1327 1991 1456 2025 erroris
1486 1990 1654 2035 hydrum,
1679 2000 1772 2022 novo
1802 1989 1837 2021 in
1866 1987 2007 2020 ecclesia

312 2045 504 2086 schismati,
525 2047 568 2080 de
595 2059 666 2093 quo
692 2049 909 2094 Nicephorus
934 2048 1111 2094 loquitur,
1133 2050 1351 2082 occasionem
1376 2047 1562 2081 obtulisse:
1586 2058 1657 2092 quo
1683 2052 1840 2091 tempore.
1865 2044 2009 2078 brexem

314 2102 429 2145 primo
445 2103 711 2149 Apologeticum
723 2131 731 2144 ,
753 2107 851 2151 quasi
865 2106 1040 2151 quandam
1063 2106 1314 2143 velitationem,
1331 2104 1460 2139 edidit:
1482 2106 1515 2138 in
1531 2115 1602 2149 quo
1621 2115 1737 2137 rerum
1754 2109 1928 2147 gestarum
1943 2103 2010 2134 iam

313 2159 396 2192 inde
415 2159 458 2193 ab
477 2161 575 2195 initio
600 2164 728 2197 erroris
748 2164 995 2209 compendium
1019 2163 1251 2202 adumbrans,
1276 2163 1451 2197 invehitur
1471 2169 1589 2208 postea
1608 2162 1642 2194 in
1662 2166 1833 2206 apostatas
1853 2170 2009 2205 praeser-

317 2215 378 2247 tim
398 2218 595 2264 episcopos,
618 2221 678 2264 qui
701 2232 718 2255 a
740 2220 809 2255 fide
829 2222 863 2255 in
885 2223 1028 2256 nicaeno
1054 2221 1203 2255 concilio
1223 2222 1334 2255 iurata
1357 2231 1477 2254 rursus
1499 2219 1741 2253 discesserant:
1764 2218 1818 2251 cui
1844 2216 2007 2254 concilio,

316 2282 528 2318 quamquam
553 2279 657 2310 sacris
683 2279 841 2313 nondum
866 2280 984 2313 infulis
1005 2280 1201 2325 prat-ditus,
1226 2278 1442 2324 Niccpliorus
1460 2279 1533 2323 ipse
1552 2276 1775 2313 interfuerat,
1800 2274 1916 2319 ibique
1944 2284 2008 2319 pro

317 2328 513 2365 orthodoxa
530 2332 688 2369 doctrina
705 2344 927 2381 peroraverat
939 2363 946 2377 ,
968 2344 1003 2371 ut
1024 2340 1094 2371 eius
1114 2337 1329 2382 biographus
1347 2337 1499 2382 ignatius
1517 2335 1683 2369 diaconus
1703 2339 1834 2371 narrat,
1853 2339 1886 2366 et
1904 2343 2008 2377 syno-

317 2385 414 2420 dales
439 2394 534 2422 actus
561 2396 739 2425 testantur.
769 2394 923 2439 Scripto,
948 2401 986 2428 ut
1012 2395 1103 2432 dixi,
1130 2406 1222 2428 anno
1250 2395 1332 2428 813.
1362 2394 1497 2427 minore
1523 2392 1771 2438 Apologetico,
1796 2395 1932 2424 secutus
1959 2394 2008 2421 est

318 2443 633 2480 calamitosissimus
658 2459 768 2482 annus
787 2451 874 2489 815,
894 2463 965 2496 quo
992 2452 1209 2497 Nicephorus
1235 2463 1252 2485 a
1279 2453 1394 2485 Leone
1415 2451 1578 2484 Armenio
1606 2448 1832 2483 iconomacho
1859 2447 2009 2480 deiectus

319 2501 400 2535 sede
426 2502 616 2549 pulsusque
641 2506 676 2539 in
702 2506 844 2541 exilium
872 2508 956 2547 fuit,
981 2515 1059 2554 post
1085 2520 1215 2543 annum
1241 2509 1493 2555 patriarchatus
1520 2519 1672 2545 nonum,
1697 2517 1800 2552 (piem
1828 2516 1919 2538 anno
1945 2504 2009 2536 sci-

319 2558 398 2593 licet
417 2560 500 2594 806.
522 2569 731 2608 susceperat.
760 2565 799 2598 In
823 2565 927 2599 exilio
946 2566 1052 2611 igitur
1072 2573 1185 2602 cetera
1206 2567 1411 2612 conscripsit
1436 2577 1561 2611 opera,
1585 2575 1709 2610 nempe
1730 2564 1896 2597 maiorem
1915 2561 2008 2605 Apo-

313 2619 488 2664 ogeticum
510 2630 602 2653 anno
624 2620 710 2659 817,
735 2627 769 2655 et
794 2621 920 2656 deinde
941 2623 1221 2663 Antirrheticos‚
1248 2631 1283 2658 ut
1310 2625 1385 2670 ipse
1412 2623 1511 2657 initio
1537 2623 1638 2668 primi
1665 2633 1727 2655 nos
1750 2620 1868 2661 docet;
1893 2617 2004 2651 donec

317 2688 409 2710 anno
434 2678 521 2718 828,
539 2680 822 2724 septuagenarius
847 2679 950 2720 obiit,
974 2681 1029 2715 vel
1054 2682 1090 2715 in
1117 2682 1251 2717 caelum
1278 2683 1393 2728 potius
1420 2682 1626 2716 fortissimus
1654 2677 1879 2713 orthodoxiae
1905 2674 2001 2720 pugil

317 2735 480 2770 evolavit.

2053 549 2171 576 {Nn-ephori
2183 551 2235 570 <ru-i-

2034 577 2072 601 ltlu
2088 576 2178 597 lttctlllss⁴

2061 1705 2159 1725 Historia
2170 1705 2254 1725 hortun

2047 1732 2196 1757 swintun-nni.
