<?xml version="1.0" encoding="UTF-8"?>
<!DOCTYPE html PUBLIC "-//W3C//DTD XHTML 1.0 Transitional//EN"
    "http://www.w3.org/TR/xhtml1/DTD/xhtml1-transitional.dtd">
<html xmlns="http://www.w3.org/1999/xhtml" xml:lang="en" lang="en">
 <head>
  <title>
</title>
<meta http-equiv="Content-Type" content="text/html;charset=utf-8" />
  <meta name='ocr-system' content='tesseract 3.04.00' />
  <meta name='ocr-capabilities' content='ocr_page ocr_carea ocr_par ocr_line ocrx_word'/>
</head>
<body>
  <div class='ocr_page' id='page_1' title='image "./novaepatrumbibli05maiauoft/novaepatrumbibli05maiauoft_0552.png"; bbox 0 0 2203 3331; ppageno 0'>
   <div class='ocr_carea' id='block_1_1' title="bbox 147 2289 163 2307">
    <p class='ocr_par' dir='ltr' id='par_1_1' title="bbox 147 2289 163 2307">
     <span class='ocr_line' id='line_1_1' title="bbox 147 2289 163 2307; baseline -0.125 0"><span class='ocrx_word' id='word_1_1' title='bbox 147 2289 163 2307; x_wconf 71' lang='grc'>34</span> 
     </span>
    </p>
   </div>
   <div class='ocr_carea' id='block_1_2' title="bbox 167 1590 348 1611">
    <p class='ocr_par' dir='ltr' id='par_1_2' title="bbox 167 1590 348 1611">
     <span class='ocr_line' id='line_1_2' title="bbox 167 1590 348 1611; baseline 0.006 -1"><span class='ocrx_word' id='word_1_2' title='bbox 167 1590 216 1610; x_wconf 68' lang='lat' dir='ltr'>loti.</span> <span class='ocrx_word' id='word_1_3' title='bbox 232 1590 299 1611; x_wconf 75' lang='lat' dir='ltr'>XVll.</span> <span class='ocrx_word' id='word_1_4' title='bbox 318 1593 348 1611; x_wconf 81' lang='lat' dir='ltr'>w.</span> 
     </span>
    </p>
   </div>
   <div class='ocr_carea' id='block_1_3' title="bbox 147 2259 349 2293">
    <p class='ocr_par' dir='ltr' id='par_1_3' title="bbox 147 2259 349 2293">
     <span class='ocr_line' id='line_1_3' title="bbox 147 2259 349 2293; baseline 0.015 -15"><span class='ocrx_word' id='word_1_5' title='bbox 147 2262 153 2268; x_wconf 89' lang='lat'><em>·</em></span> <span class='ocrx_word' id='word_1_6' title='bbox 167 2259 254 2293; x_wconf 23' lang='lat' dir='ltr'>laianu.</span> <span class='ocrx_word' id='word_1_7' title='bbox 270 2260 349 2282; x_wconf 67' lang='lat' dir='ltr'>XXH’.</span> 
     </span>
    </p>
   </div>
   <div class='ocr_carea' id='block_1_4' title="bbox 384 174 1458 218">
    <p class='ocr_par' dir='ltr' id='par_1_4' title="bbox 384 174 1458 218">
     <span class='ocr_line' id='line_1_4' title="bbox 384 174 1458 218; baseline -0.003 0"><span class='ocrx_word' id='word_1_8' title='bbox 384 185 453 218; x_wconf 73' lang='lat'>250</span> <span class='ocrx_word' id='word_1_9' title='bbox 973 194 1002 217; x_wconf 88' lang='lat' dir='ltr'>s.</span> <span class='ocrx_word' id='word_1_10' title='bbox 1028 174 1199 218; x_wconf 65' lang='lat' dir='ltr'>Memnoni</span> <span class='ocrx_word' id='word_1_11' title='bbox 1224 193 1458 216; x_wconf 69' lang='lat' dir='ltr'>,irotoessricrs</span> 
     </span>
    </p>
   </div>
   <div class='ocr_carea' id='block_1_5' title="bbox 382 245 2053 1386">
    <p class='ocr_par' dir='ltr' id='par_1_5' title="bbox 382 245 2051 957">
     <span class='ocr_line' id='line_1_5' title="bbox 385 245 2047 297; baseline 0.001 -13"><span class='ocrx_word' id='word_1_12' title='bbox 385 251 588 284; x_wconf 73' lang='lat' dir='ltr'>laborantes.</span> <span class='ocrx_word' id='word_1_13' title='bbox 609 245 822 283; x_wconf 83' lang='lat' dir='ltr'>Huiusmodi</span> <span class='ocrx_word' id='word_1_14' title='bbox 844 247 937 284; x_wconf 87' lang='lat' dir='ltr'>enim</span> <span class='ocrx_word' id='word_1_15' title='bbox 961 251 1109 285; x_wconf 79' lang='lat' dir='ltr'>tenebris</span> <span class='ocrx_word' id='word_1_16' title='bbox 1132 249 1319 297; x_wconf 83' lang='lat' dir='ltr'>impietatis</span> <span class='ocrx_word' id='word_1_17' title='bbox 1337 262 1459 283; x_wconf 84' lang='lat' dir='ltr'>rursus</span> <span class='ocrx_word' id='word_1_18' title='bbox 1481 247 1753 292; x_wconf 73' lang='lat' dir='ltr'>obumbrantur,</span> <span class='ocrx_word' id='word_1_19' title='bbox 1773 261 1853 284; x_wconf 89' lang='lat' dir='ltr'>eum</span> <span class='ocrx_word' id='word_1_20' title='bbox 1873 249 1965 284; x_wconf 86' lang='lat' dir='ltr'>circa</span> <span class='ocrx_word' id='word_1_21' title='bbox 1986 250 2047 286; x_wconf 87' lang='lat' dir='ltr'>mi-</span> 
     </span>
     <span class='ocr_line' id='line_1_6' title="bbox 385 307 2046 358; baseline 0.001 -15"><span class='ocrx_word' id='word_1_22' title='bbox 385 323 496 344; x_wconf 76' lang='lat' dir='ltr'>seram</span> <span class='ocrx_word' id='word_1_23' title='bbox 523 308 818 356; x_wconf 69' lang='lat' dir='ltr'>incircumscripti</span> <span class='ocrx_word' id='word_1_24' title='bbox 840 310 1053 357; x_wconf 69' lang='lat' dir='ltr'>phantasiam</span> <span class='ocrx_word' id='word_1_25' title='bbox 1078 311 1264 349; x_wconf 67' lang='lat' dir='ltr'>tricantur,</span> <span class='ocrx_word' id='word_1_26' title='bbox 1287 317 1326 344; x_wconf 87' lang='lat' dir='ltr'>ut</span> <span class='ocrx_word' id='word_1_27' title='bbox 1352 309 1497 343; x_wconf 87' lang='lat' dir='ltr'>omnino</span> <span class='ocrx_word' id='word_1_28' title='bbox 1527 322 1545 342; x_wconf 91' lang='lat' dir='ltr'>a</span> <span class='ocrx_word' id='word_1_29' title='bbox 1571 307 1711 343; x_wconf 86' lang='lat' dir='ltr'>salutari</span> <span class='ocrx_word' id='word_1_30' title='bbox 1733 309 1815 344; x_wconf 83' lang='lat' dir='ltr'>fidei</span> <span class='ocrx_word' id='word_1_31' title='bbox 1836 310 2046 358; x_wconf 76' lang='lat' dir='ltr'><strong>professione</strong></span> 
     </span>
     <span class='ocr_line' id='line_1_7' title="bbox 383 369 2047 417; baseline 0.001 -13"><span class='ocrx_word' id='word_1_32' title='bbox 383 370 490 411; x_wconf 80' lang='lat' dir='ltr'>dcvii,</span> <span class='ocrx_word' id='word_1_33' title='bbox 513 383 583 403; x_wconf 90' lang='lat' dir='ltr'>uno</span> <span class='ocrx_word' id='word_1_34' title='bbox 604 369 719 417; x_wconf 82' lang='lat' dir='ltr'>aliquo</span> <span class='ocrx_word' id='word_1_35' title='bbox 742 369 843 404; x_wconf 87' lang='lat' dir='ltr'>modo</span> <span class='ocrx_word' id='word_1_36' title='bbox 871 370 1034 406; x_wconf 75' lang='lat' dir='ltr'>adversus</span> <span class='ocrx_word' id='word_1_37' title='bbox 1054 386 1150 406; x_wconf 84' lang='lat' dir='ltr'>verae</span> <span class='ocrx_word' id='word_1_38' title='bbox 1173 370 1252 405; x_wconf 82' lang='lat' dir='ltr'>fidei</span> <span class='ocrx_word' id='word_1_39' title='bbox 1275 383 1443 404; x_wconf 89' lang='lat' dir='ltr'>summam</span> <span class='ocrx_word' id='word_1_40' title='bbox 1464 377 1637 417; x_wconf 78' lang='lat' dir='ltr'>peccent3</span> <span class='ocrx_word' id='word_1_41' title='bbox 1658 378 1692 404; x_wconf 91' lang='lat' dir='ltr'>et</span> <span class='ocrx_word' id='word_1_42' title='bbox 1711 370 1858 417; x_wconf 86' lang='lat' dir='ltr'>quidem</span> <span class='ocrx_word' id='word_1_43' title='bbox 1886 385 1903 405; x_wconf 88' lang='lat' dir='ltr'>e</span> <span class='ocrx_word' id='word_1_44' title='bbox 1932 371 2047 406; x_wconf 82' lang='lat' dir='ltr'>tribus</span> 
     </span>
     <span class='ocr_line' id='line_1_8' title="bbox 384 429 2049 477; baseline 0.001 -14"><span class='ocrx_word' id='word_1_45' title='bbox 384 444 474 474; x_wconf 78' lang='lat' dir='ltr'>uno;</span> <span class='ocrx_word' id='word_1_46' title='bbox 499 443 623 477; x_wconf 82' lang='lat' dir='ltr'>nempe</span> <span class='ocrx_word' id='word_1_47' title='bbox 649 429 828 464; x_wconf 78' lang='lat' dir='ltr'>Christum</span> <span class='ocrx_word' id='word_1_48' title='bbox 850 439 910 465; x_wconf 88' lang='lat' dir='ltr'>aut</span> <span class='ocrx_word' id='word_1_49' title='bbox 938 431 1142 473; x_wconf 69' lang='lat' dir='ltr'>nescivisse,</span> <span class='ocrx_word' id='word_1_50' title='bbox 1166 439 1223 465; x_wconf 87' lang='lat' dir='ltr'>aut</span> <span class='ocrx_word' id='word_1_51' title='bbox 1245 430 1396 464; x_wconf 82' lang='lat' dir='ltr'>noluisse</span> <span class='ocrx_word' id='word_1_52' title='bbox 1411 458 1419 471; x_wconf 86' lang='lat'>,</span> <span class='ocrx_word' id='word_1_53' title='bbox 1442 438 1502 464; x_wconf 85' lang='lat' dir='ltr'>aut</span> <span class='ocrx_word' id='word_1_54' title='bbox 1523 443 1595 463; x_wconf 85' lang='lat' dir='ltr'>non</span> <span class='ocrx_word' id='word_1_55' title='bbox 1623 429 1778 477; x_wconf 82' lang='lat' dir='ltr'>potuisse</span> <span class='ocrx_word' id='word_1_56' title='bbox 1801 430 1948 465; x_wconf 87' lang='lat' dir='ltr'>salutem</span> <span class='ocrx_word' id='word_1_57' title='bbox 1970 444 2049 465; x_wconf 89' lang='lat' dir='ltr'>con-</span> 
     </span>
     <span class='ocr_line' id='line_1_9' title="bbox 384 489 2046 540; baseline 0 -17"><span class='ocrx_word' id='word_1_58' title='bbox 384 492 489 534; x_wconf 76' lang='lat' dir='ltr'>lerre3</span> <span class='ocrx_word' id='word_1_59' title='bbox 507 503 656 537; x_wconf 83' lang='lat' dir='ltr'>quorum</span> <span class='ocrx_word' id='word_1_60' title='bbox 677 490 856 538; x_wconf 75' lang='lat' dir='ltr'>quodlIbet</span> <span class='ocrx_word' id='word_1_61' title='bbox 873 491 915 525; x_wconf 88' lang='lat' dir='ltr'>dc</span> <span class='ocrx_word' id='word_1_62' title='bbox 937 491 1075 526; x_wconf 67' lang='lat' dir='ltr'>Christo</span> <span class='ocrx_word' id='word_1_63' title='bbox 1098 491 1376 540; x_wconf 80' lang='lat' dir='ltr'>promlncietur,</span> <span class='ocrx_word' id='word_1_64' title='bbox 1395 489 1422 524; x_wconf 86' lang='lat' dir='ltr'>is</span> <span class='ocrx_word' id='word_1_65' title='bbox 1443 489 1585 538; x_wconf 84' lang='lat' dir='ltr'>quidem</span> <span class='ocrx_word' id='word_1_66' title='bbox 1601 489 1638 523; x_wconf 89' lang='lat' dir='ltr'>in</span> <span class='ocrx_word' id='word_1_67' title='bbox 1660 489 1850 525; x_wconf 75' lang='lat' dir='ltr'>divinitatis</span> <span class='ocrx_word' id='word_1_68' title='bbox 1870 491 2046 525; x_wconf 67' lang='lat' dir='ltr'>maiestate</span> 
     </span>
     <span class='ocr_line' id='line_1_10' title="bbox 383 548 2046 593; baseline 0.001 -10"><span class='ocrx_word' id='word_1_69' title='bbox 383 549 545 585; x_wconf 76' lang='lat' dir='ltr'>laeditur.</span> <span class='ocrx_word' id='word_1_70' title='bbox 575 549 666 584; x_wconf 75' lang='lat' dir='ltr'>Nam</span> <span class='ocrx_word' id='word_1_71' title='bbox 692 550 719 583; x_wconf 73' lang='lat' dir='ltr'>si</span> <span class='ocrx_word' id='word_1_72' title='bbox 748 564 787 585; x_wconf 77' lang='lat' dir='ltr'>ex</span> <span class='ocrx_word' id='word_1_73' title='bbox 814 551 866 585; x_wconf 87' lang='lat' dir='ltr'>his</span> <span class='ocrx_word' id='word_1_74' title='bbox 893 566 962 585; x_wconf 86' lang='lat' dir='ltr'>uno</span> <span class='ocrx_word' id='word_1_75' title='bbox 990 552 1219 593; x_wconf 77' lang='lat' dir='ltr'>destituatur,</span> <span class='ocrx_word' id='word_1_76' title='bbox 1244 550 1341 585; x_wconf 74' lang='lat' dir='ltr'>Deus</span> <span class='ocrx_word' id='word_1_77' title='bbox 1370 564 1443 585; x_wconf 87' lang='lat' dir='ltr'>non</span> <span class='ocrx_word' id='word_1_78' title='bbox 1471 558 1530 585; x_wconf 88' lang='lat' dir='ltr'>est.</span> <span class='ocrx_word' id='word_1_79' title='bbox 1560 548 1654 585; x_wconf 84' lang='lat' dir='ltr'>llaec</span> <span class='ocrx_word' id='word_1_80' title='bbox 1682 558 1797 584; x_wconf 86' lang='lat' dir='ltr'>autem</span> <span class='ocrx_word' id='word_1_81' title='bbox 1817 550 1910 585; x_wconf 86' lang='lat' dir='ltr'>dieta</span> <span class='ocrx_word' id='word_1_82' title='bbox 1938 565 1982 586; x_wconf 87' lang='lat' dir='ltr'>ne</span> <span class='ocrx_word' id='word_1_83' title='bbox 2010 551 2046 585; x_wconf 89' lang='lat' dir='ltr'>in</span> 
     </span>
     <span class='ocr_line' id='line_1_11' title="bbox 387 609 2046 659; baseline 0.002 -16"><span class='ocrx_word' id='word_1_84' title='bbox 387 610 576 657; x_wconf 64' lang='lat' dir='ltr'>l&#39;nigenito</span> <span class='ocrx_word' id='word_1_85' title='bbox 598 610 738 658; x_wconf 82' lang='lat' dir='ltr'>quidem</span> <span class='ocrx_word' id='word_1_86' title='bbox 761 611 833 659; x_wconf 85' lang='lat' dir='ltr'>ipso</span> <span class='ocrx_word' id='word_1_87' title='bbox 855 611 1099 659; x_wconf 70' lang='lat' dir='ltr'>blasphemiam</span> <span class='ocrx_word' id='word_1_88' title='bbox 1115 612 1261 654; x_wconf 80' lang='lat' dir='ltr'>sistunt,</span> <span class='ocrx_word' id='word_1_89' title='bbox 1280 611 1338 646; x_wconf 85' lang='lat' dir='ltr'>sed</span> <span class='ocrx_word' id='word_1_90' title='bbox 1356 611 1397 646; x_wconf 88' lang='lat' dir='ltr'>ad</span> <span class='ocrx_word' id='word_1_91' title='bbox 1415 611 1527 659; x_wconf 83' lang='lat' dir='ltr'>ipsum</span> <span class='ocrx_word' id='word_1_92' title='bbox 1546 623 1746 659; x_wconf 87' lang='lat' dir='ltr'>supremum</span> <span class='ocrx_word' id='word_1_93' title='bbox 1762 609 1882 646; x_wconf 88' lang='lat' dir='ltr'>Deum</span> <span class='ocrx_word' id='word_1_94' title='bbox 1898 620 2046 659; x_wconf 83' lang='lat' dir='ltr'>patrem,</span> 
     </span>
     <span class='ocr_line' id='line_1_12' title="bbox 383 671 2049 720; baseline 0.001 -16"><span class='ocrx_word' id='word_1_95' title='bbox 383 671 468 718; x_wconf 70' lang='lat' dir='ltr'>quin</span> <span class='ocrx_word' id='word_1_96' title='bbox 497 671 599 705; x_wconf 87' lang='lat' dir='ltr'>ctiam</span> <span class='ocrx_word' id='word_1_97' title='bbox 627 671 668 706; x_wconf 88' lang='lat' dir='ltr'>ad</span> <span class='ocrx_word' id='word_1_98' title='bbox 696 681 853 707; x_wconf 78' lang='lat' dir='ltr'>sanctum</span> <span class='ocrx_word' id='word_1_99' title='bbox 877 672 1068 719; x_wconf 81' lang='lat' dir='ltr'>Spiritum,</span> <span class='ocrx_word' id='word_1_100' title='bbox 1091 681 1193 720; x_wconf 88' lang='lat' dir='ltr'>prout</span> <span class='ocrx_word' id='word_1_101' title='bbox 1220 681 1499 708; x_wconf 82' lang='lat' dir='ltr'>consentancum</span> <span class='ocrx_word' id='word_1_102' title='bbox 1521 680 1592 714; x_wconf 78' lang='lat' dir='ltr'>est,</span> <span class='ocrx_word' id='word_1_103' title='bbox 1615 679 1816 707; x_wconf 77' lang='lat' dir='ltr'>excurrunt.</span> <span class='ocrx_word' id='word_1_104' title='bbox 1845 672 1936 718; x_wconf 85' lang='lat' dir='ltr'>Quia</span> <span class='ocrx_word' id='word_1_105' title='bbox 1961 671 2049 720; x_wconf 86' lang='lat' dir='ltr'>patri</span> 
     </span>
     <span class='ocr_line' id='line_1_13' title="bbox 383 732 2050 781; baseline 0.001 -16"><span class='ocrx_word' id='word_1_106' title='bbox 383 732 522 780; x_wconf 75' lang='lat' dir='ltr'>quidem</span> <span class='ocrx_word' id='word_1_107' title='bbox 554 733 681 780; x_wconf 90' lang='lat' dir='ltr'>placuit</span> <span class='ocrx_word' id='word_1_108' title='bbox 707 733 865 767; x_wconf 84' lang='lat' dir='ltr'>salutaris</span> <span class='ocrx_word' id='word_1_109' title='bbox 887 732 995 767; x_wconf 55' lang='lat' dir='ltr'>Verbi</span> <span class='ocrx_word' id='word_1_110' title='bbox 1022 733 1063 767; x_wconf 88' lang='lat' dir='ltr'>ad</span> <span class='ocrx_word' id='word_1_111' title='bbox 1090 733 1248 768; x_wconf 85' lang='lat' dir='ltr'>homincs</span> <span class='ocrx_word' id='word_1_112' title='bbox 1276 733 1480 776; x_wconf 72' lang='lat' dir='ltr'>inclinatio,</span> <span class='ocrx_word' id='word_1_113' title='bbox 1503 732 1656 781; x_wconf 72' lang='lat' dir='ltr'>Spiritus</span> <span class='ocrx_word' id='word_1_114' title='bbox 1680 741 1801 767; x_wconf 89' lang='lat' dir='ltr'>autem</span> <span class='ocrx_word' id='word_1_115' title='bbox 1829 732 1860 767; x_wconf 82' lang='lat' dir='ltr'>ei</span> <span class='ocrx_word' id='word_1_116' title='bbox 1887 747 2050 781; x_wconf 85' lang='lat' dir='ltr'>coopera-</span> 
     </span>
     <span class='ocr_line' id='line_1_14' title="bbox 383 792 2051 842; baseline 0 -15"><span class='ocrx_word' id='word_1_117' title='bbox 383 802 437 827; x_wconf 84' lang='lat' dir='ltr'>tus</span> <span class='ocrx_word' id='word_1_118' title='bbox 461 802 523 828; x_wconf 86' lang='lat' dir='ltr'>cst.</span> <span class='ocrx_word' id='word_1_119' title='bbox 548 793 687 828; x_wconf 70' lang='lat' dir='ltr'>Fuisset</span> <span class='ocrx_word' id='word_1_120' title='bbox 710 807 787 828; x_wconf 80' lang='lat' dir='ltr'>vcro</span> <span class='ocrx_word' id='word_1_121' title='bbox 812 793 912 841; x_wconf 77' lang='lat' dir='ltr'>patris</span> <span class='ocrx_word' id='word_1_122' title='bbox 933 793 1192 841; x_wconf 87' lang='lat' dir='ltr'>beneplacitum</span> <span class='ocrx_word' id='word_1_123' title='bbox 1214 795 1455 842; x_wconf 84' lang='lat' dir='ltr'>reprobatum,</span> <span class='ocrx_word' id='word_1_124' title='bbox 1479 794 1637 828; x_wconf 74' lang='lat' dir='ltr'>inefficax</span> <span class='ocrx_word' id='word_1_125' title='bbox 1656 802 1774 828; x_wconf 87' lang='lat' dir='ltr'>autem</span> <span class='ocrx_word' id='word_1_126' title='bbox 1797 792 1952 841; x_wconf 78' lang='lat' dir='ltr'>Spiritus</span> <span class='ocrx_word' id='word_1_127' title='bbox 1973 807 2051 828; x_wconf 90' lang='lat' dir='ltr'>eoo-</span> 
     </span>
     <span class='ocr_line' id='line_1_15' title="bbox 382 853 2050 901; baseline 0.001 -14"><span class='ocrx_word' id='word_1_128' title='bbox 382 854 530 901; x_wconf 80' lang='lat' dir='ltr'>pcratio:</span> <span class='ocrx_word' id='word_1_129' title='bbox 552 854 703 901; x_wconf 74' lang='lat' dir='ltr'>denique</span> <span class='ocrx_word' id='word_1_130' title='bbox 726 862 758 887; x_wconf 82' lang='lat' dir='ltr'>ct</span> <span class='ocrx_word' id='word_1_131' title='bbox 778 853 964 901; x_wconf 80' lang='lat' dir='ltr'>apostolica</span> <span class='ocrx_word' id='word_1_132' title='bbox 986 853 1200 900; x_wconf 87' lang='lat' dir='ltr'>praedicatio</span> <span class='ocrx_word' id='word_1_133' title='bbox 1223 854 1383 890; x_wconf 79' lang='lat' dir='ltr'>cxtincta.</span> <span class='ocrx_word' id='word_1_134' title='bbox 1412 855 1518 889; x_wconf 83' lang='lat' dir='ltr'>Porro</span> <span class='ocrx_word' id='word_1_135' title='bbox 1546 855 1634 889; x_wconf 90' lang='lat' dir='ltr'>hace</span> <span class='ocrx_word' id='word_1_136' title='bbox 1660 854 1712 888; x_wconf 83' lang='lat' dir='ltr'>vel</span> <span class='ocrx_word' id='word_1_137' title='bbox 1739 853 1777 888; x_wconf 89' lang='lat' dir='ltr'>in</span> <span class='ocrx_word' id='word_1_138' title='bbox 1798 862 1953 888; x_wconf 87' lang='lat' dir='ltr'>mentem</span> <span class='ocrx_word' id='word_1_139' title='bbox 1979 862 2050 888; x_wconf 87' lang='lat' dir='ltr'>tan-</span> 
     </span>
     <span class='ocr_line' id='line_1_16' title="bbox 385 914 1826 957; baseline 0.001 -9"><span class='ocrx_word' id='word_1_140' title='bbox 385 915 561 949; x_wconf 86' lang='lat' dir='ltr'>tummodo</span> <span class='ocrx_word' id='word_1_141' title='bbox 585 915 788 956; x_wconf 83' lang='lat' dir='ltr'>admittere,</span> <span class='ocrx_word' id='word_1_142' title='bbox 811 914 937 948; x_wconf 88' lang='lat' dir='ltr'>summi</span> <span class='ocrx_word' id='word_1_143' title='bbox 962 914 1115 948; x_wconf 84' lang='lat' dir='ltr'>atheismi</span> <span class='ocrx_word' id='word_1_144' title='bbox 1140 915 1251 957; x_wconf 82' lang='lat' dir='ltr'>soret,</span> <span class='ocrx_word' id='word_1_145' title='bbox 1273 915 1404 949; x_wconf 87' lang='lat' dir='ltr'>nedum</span> <span class='ocrx_word' id='word_1_146' title='bbox 1425 915 1587 950; x_wconf 81' lang='lat' dir='ltr'>confiteri</span> <span class='ocrx_word' id='word_1_147' title='bbox 1611 923 1671 950; x_wconf 88' lang='lat' dir='ltr'>aut</span> <span class='ocrx_word' id='word_1_148' title='bbox 1693 914 1826 950; x_wconf 84' lang='lat' dir='ltr'>docere.</span> 
     </span>
    </p>

    <p class='ocr_par' dir='ltr' id='par_1_6' title="bbox 382 974 2053 1386">
     <span class='ocr_line' id='line_1_17' title="bbox 487 974 2052 1024; baseline 0 -14"><span class='ocrx_word' id='word_1_149' title='bbox 487 976 544 1024; x_wconf 72' lang='lat'>70.</span> <span class='ocrx_word' id='word_1_150' title='bbox 574 976 643 1010; x_wconf 84' lang='lat' dir='ltr'>lam</span> <span class='ocrx_word' id='word_1_151' title='bbox 664 989 774 1023; x_wconf 85' lang='lat' dir='ltr'>quum</span> <span class='ocrx_word' id='word_1_152' title='bbox 796 975 901 1009; x_wconf 88' lang='lat' dir='ltr'>multa</span> <span class='ocrx_word' id='word_1_153' title='bbox 921 974 1005 1009; x_wconf 84' lang='lat' dir='ltr'>hinc</span> <span class='ocrx_word' id='word_1_154' title='bbox 1026 984 1211 1022; x_wconf 77' lang='lat' dir='ltr'>appareant</span> <span class='ocrx_word' id='word_1_155' title='bbox 1231 975 1381 1010; x_wconf 86' lang='lat' dir='ltr'>absurda</span> <span class='ocrx_word' id='word_1_156' title='bbox 1405 977 1479 1023; x_wconf 83' lang='lat' dir='ltr'>(est</span> <span class='ocrx_word' id='word_1_157' title='bbox 1500 976 1594 1010; x_wconf 89' lang='lat' dir='ltr'>enim</span> <span class='ocrx_word' id='word_1_158' title='bbox 1616 975 1762 1010; x_wconf 77' lang='lat' dir='ltr'>maxima</span> <span class='ocrx_word' id='word_1_159' title='bbox 1783 984 1815 1010; x_wconf 88' lang='lat' dir='ltr'>et</span> <span class='ocrx_word' id='word_1_160' title='bbox 1835 989 1970 1010; x_wconf 88' lang='lat' dir='ltr'>summa</span> <span class='ocrx_word' id='word_1_161' title='bbox 1991 975 2052 1010; x_wconf 88' lang='lat' dir='ltr'>im-</span> 
     </span>
     <span class='ocr_line' id='line_1_18' title="bbox 385 1034 2049 1083; baseline 0.001 -15"><span class='ocrx_word' id='word_1_162' title='bbox 385 1036 511 1083; x_wconf 77' lang='lat' dir='ltr'>pietas)</span> <span class='ocrx_word' id='word_1_163' title='bbox 536 1036 655 1083; x_wconf 84' lang='lat' dir='ltr'>paucis</span> <span class='ocrx_word' id='word_1_164' title='bbox 682 1034 781 1069; x_wconf 85' lang='lat' dir='ltr'>dictis</span> <span class='ocrx_word' id='word_1_165' title='bbox 809 1035 906 1083; x_wconf 86' lang='lat' dir='ltr'>plura</span> <span class='ocrx_word' id='word_1_166' title='bbox 929 1035 1143 1071; x_wconf 87' lang='lat' dir='ltr'>omittemus.</span> <span class='ocrx_word' id='word_1_167' title='bbox 1171 1035 1262 1070; x_wconf 59' lang='lat' dir='ltr'>Nam</span> <span class='ocrx_word' id='word_1_168' title='bbox 1284 1035 1313 1070; x_wconf 92' lang='lat' dir='ltr'>si</span> <span class='ocrx_word' id='word_1_169' title='bbox 1333 1036 1462 1070; x_wconf 83' lang='lat' dir='ltr'>salvare</span> <span class='ocrx_word' id='word_1_170' title='bbox 1487 1037 1618 1078; x_wconf 87' lang='lat' dir='ltr'>nescit,</span> <span class='ocrx_word' id='word_1_171' title='bbox 1639 1036 1750 1071; x_wconf 87' lang='lat' dir='ltr'>multo</span> <span class='ocrx_word' id='word_1_172' title='bbox 1776 1036 1892 1070; x_wconf 82' lang='lat' dir='ltr'>minus</span> <span class='ocrx_word' id='word_1_173' title='bbox 1916 1050 1956 1070; x_wconf 77' lang='lat' dir='ltr'>ex</span> <span class='ocrx_word' id='word_1_174' title='bbox 1976 1049 2049 1070; x_wconf 88' lang='lat' dir='ltr'>non</span> 
     </span>
     <span class='ocr_line' id='line_1_19' title="bbox 384 1095 2050 1144; baseline 0 -14"><span class='ocrx_word' id='word_1_175' title='bbox 384 1097 611 1130; x_wconf 65' lang='lat' dir='ltr'>existentibus</span> <span class='ocrx_word' id='word_1_176' title='bbox 633 1096 826 1143; x_wconf 84' lang='lat' dir='ltr'>producere</span> <span class='ocrx_word' id='word_1_177' title='bbox 849 1096 956 1132; x_wconf 75' lang='lat' dir='ltr'>seivit.</span> <span class='ocrx_word' id='word_1_178' title='bbox 981 1095 1086 1141; x_wconf 85' lang='lat' dir='ltr'>Quod</span> <span class='ocrx_word' id='word_1_179' title='bbox 1108 1096 1134 1130; x_wconf 89' lang='lat' dir='ltr'>si</span> <span class='ocrx_word' id='word_1_180' title='bbox 1155 1110 1226 1130; x_wconf 90' lang='lat' dir='ltr'>non</span> <span class='ocrx_word' id='word_1_181' title='bbox 1251 1095 1434 1143; x_wconf 82' lang='lat' dir='ltr'>produxit,</span> <span class='ocrx_word' id='word_1_182' title='bbox 1455 1110 1498 1131; x_wconf 88' lang='lat' dir='ltr'>ne</span> <span class='ocrx_word' id='word_1_183' title='bbox 1520 1096 1629 1131; x_wconf 89' lang='lat' dir='ltr'>bonus</span> <span class='ocrx_word' id='word_1_184' title='bbox 1651 1096 1791 1144; x_wconf 85' lang='lat' dir='ltr'>quidem</span> <span class='ocrx_word' id='word_1_185' title='bbox 1812 1105 1871 1132; x_wconf 86' lang='lat' dir='ltr'>cst.</span> <span class='ocrx_word' id='word_1_186' title='bbox 1895 1095 1934 1130; x_wconf 87' lang='lat' dir='ltr'>Si</span> <span class='ocrx_word' id='word_1_187' title='bbox 1958 1097 2050 1131; x_wconf 73' lang='lat' dir='ltr'>enlm</span> 
     </span>
     <span class='ocr_line' id='line_1_20' title="bbox 382 1156 2051 1205; baseline 0.001 -15"><span class='ocrx_word' id='word_1_188' title='bbox 382 1171 454 1191; x_wconf 83' lang='lat' dir='ltr'>non</span> <span class='ocrx_word' id='word_1_189' title='bbox 484 1157 640 1198; x_wconf 69' lang='lat' dir='ltr'>salvavit,</span> <span class='ocrx_word' id='word_1_190' title='bbox 661 1171 775 1204; x_wconf 84' lang='lat' dir='ltr'>neque</span> <span class='ocrx_word' id='word_1_191' title='bbox 798 1157 990 1204; x_wconf 85' lang='lat' dir='ltr'>producere</span> <span class='ocrx_word' id='word_1_192' title='bbox 1014 1171 1094 1191; x_wconf 84' lang='lat' dir='ltr'>eum</span> <span class='ocrx_word' id='word_1_193' title='bbox 1115 1157 1287 1204; x_wconf 78' lang='lat' dir='ltr'>oportuit3</span> <span class='ocrx_word' id='word_1_194' title='bbox 1313 1170 1383 1205; x_wconf 84' lang='lat' dir='ltr'>qua</span> <span class='ocrx_word' id='word_1_195' title='bbox 1405 1156 1500 1191; x_wconf 87' lang='lat' dir='ltr'>enim</span> <span class='ocrx_word' id='word_1_196' title='bbox 1522 1171 1559 1191; x_wconf 88' lang='lat' dir='ltr'>re</span> <span class='ocrx_word' id='word_1_197' title='bbox 1582 1156 1740 1204; x_wconf 83' lang='lat' dir='ltr'>proderit</span> <span class='ocrx_word' id='word_1_198' title='bbox 1768 1156 1960 1204; x_wconf 85' lang='lat' dir='ltr'>producto,</span> <span class='ocrx_word' id='word_1_199' title='bbox 1982 1157 2051 1192; x_wconf 81' lang='lat' dir='ltr'>nisi</span> 
     </span>
     <span class='ocr_line' id='line_1_21' title="bbox 384 1216 2051 1266; baseline 0 -15"><span class='ocrx_word' id='word_1_200' title='bbox 384 1217 514 1252; x_wconf 66' lang='lat' dir='ltr'>satvcti&#39;</span> <span class='ocrx_word' id='word_1_201' title='bbox 544 1216 649 1262; x_wconf 83' lang='lat' dir='ltr'>Quod</span> <span class='ocrx_word' id='word_1_202' title='bbox 677 1217 703 1251; x_wconf 90' lang='lat' dir='ltr'>si</span> <span class='ocrx_word' id='word_1_203' title='bbox 731 1231 800 1251; x_wconf 87' lang='lat' dir='ltr'>non</span> <span class='ocrx_word' id='word_1_204' title='bbox 822 1226 872 1252; x_wconf 88' lang='lat' dir='ltr'>est</span> <span class='ocrx_word' id='word_1_205' title='bbox 898 1218 1030 1259; x_wconf 82' lang='lat' dir='ltr'>bonus,</span> <span class='ocrx_word' id='word_1_206' title='bbox 1053 1231 1099 1251; x_wconf 85' lang='lat' dir='ltr'>ne</span> <span class='ocrx_word' id='word_1_207' title='bbox 1122 1217 1222 1258; x_wconf 73' lang='lat' dir='ltr'>Deus</span> <span class='ocrx_word' id='word_1_208' title='bbox 1244 1217 1407 1265; x_wconf 84' lang='lat' dir='ltr'>quidem,</span> <span class='ocrx_word' id='word_1_209' title='bbox 1429 1231 1547 1266; x_wconf 83' lang='lat' dir='ltr'>neque</span> <span class='ocrx_word' id='word_1_210' title='bbox 1574 1217 1669 1252; x_wconf 86' lang='lat' dir='ltr'>aliud</span> <span class='ocrx_word' id='word_1_211' title='bbox 1697 1217 1832 1265; x_wconf 82' lang='lat' dir='ltr'>quidvis</span> <span class='ocrx_word' id='word_1_212' title='bbox 1860 1217 1933 1252; x_wconf 84' lang='lat' dir='ltr'>erit.</span> <span class='ocrx_word' id='word_1_213' title='bbox 1960 1217 2051 1252; x_wconf 63' lang='lat' dir='ltr'>&#39;Nam</span> 
     </span>
     <span class='ocr_line' id='line_1_22' title="bbox 384 1276 2053 1326; baseline 0.001 -16"><span class='ocrx_word' id='word_1_214' title='bbox 384 1277 598 1325; x_wconf 83' lang='lat' dir='ltr'>producere,</span> <span class='ocrx_word' id='word_1_215' title='bbox 622 1278 706 1311; x_wconf 84' lang='lat' dir='ltr'>boni</span> <span class='ocrx_word' id='word_1_216' title='bbox 734 1278 889 1312; x_wconf 83' lang='lat' dir='ltr'>officium</span> <span class='ocrx_word' id='word_1_217' title='bbox 918 1286 976 1314; x_wconf 85' lang='lat' dir='ltr'>est.</span> <span class='ocrx_word' id='word_1_218' title='bbox 1005 1276 1195 1323; x_wconf 79' lang='lat' dir='ltr'>Quomodo</span> <span class='ocrx_word' id='word_1_219' title='bbox 1223 1287 1340 1313; x_wconf 84' lang='lat' dir='ltr'>autem</span> <span class='ocrx_word' id='word_1_220' title='bbox 1360 1278 1423 1326; x_wconf 88' lang='lat' dir='ltr'>qui</span> <span class='ocrx_word' id='word_1_221' title='bbox 1451 1278 1579 1312; x_wconf 80' lang='lat' dir='ltr'>salvare</span> <span class='ocrx_word' id='word_1_222' title='bbox 1607 1278 1737 1320; x_wconf 85' lang='lat' dir='ltr'>nescit,</span> <span class='ocrx_word' id='word_1_223' title='bbox 1760 1278 1975 1323; x_wconf 81' lang='lat' dir='ltr'>ignorantiae</span> <span class='ocrx_word' id='word_1_224' title='bbox 2004 1278 2053 1312; x_wconf 89' lang='lat' dir='ltr'>in-</span> 
     </span>
     <span class='ocr_line' id='line_1_23' title="bbox 383 1337 2052 1386; baseline 0 -14"><span class='ocrx_word' id='word_1_225' title='bbox 383 1338 580 1372; x_wconf 76' lang='lat' dir='ltr'>firmitatem</span> <span class='ocrx_word' id='word_1_226' title='bbox 602 1338 744 1373; x_wconf 63' lang='lat' dir='ltr'>vitabit?</span> <span class='ocrx_word' id='word_1_227' title='bbox 770 1338 846 1373; x_wconf 76' lang='lat' dir='ltr'>Aut</span> <span class='ocrx_word' id='word_1_228' title='bbox 866 1339 904 1372; x_wconf 86' lang='lat' dir='ltr'>in</span> <span class='ocrx_word' id='word_1_229' title='bbox 926 1352 996 1386; x_wconf 81' lang='lat' dir='ltr'>quo</span> <span class='ocrx_word' id='word_1_230' title='bbox 1017 1338 1154 1373; x_wconf 74' lang='lat' dir='ltr'>disseret</span> <span class='ocrx_word' id='word_1_231' title='bbox 1176 1353 1194 1373; x_wconf 91' lang='lat' dir='ltr'>a</span> <span class='ocrx_word' id='word_1_232' title='bbox 1217 1338 1385 1373; x_wconf 76' lang='lat' dir='ltr'>creaturis</span> <span class='ocrx_word' id='word_1_233' title='bbox 1399 1367 1407 1381; x_wconf 90' lang='lat'>‚</span> <span class='ocrx_word' id='word_1_234' title='bbox 1431 1338 1459 1373; x_wconf 89' lang='lat' dir='ltr'>si</span> <span class='ocrx_word' id='word_1_235' title='bbox 1479 1338 1610 1386; x_wconf 83' lang='lat' dir='ltr'>aliquid</span> <span class='ocrx_word' id='word_1_236' title='bbox 1632 1339 1789 1386; x_wconf 72' lang='lat' dir='ltr'>ignorat?</span> <span class='ocrx_word' id='word_1_237' title='bbox 1815 1337 1958 1373; x_wconf 82' lang='lat' dir='ltr'>Etenim</span> <span class='ocrx_word' id='word_1_238' title='bbox 1978 1352 2052 1373; x_wconf 91' lang='lat' dir='ltr'>non</span> 
     </span>
    </p>
   </div>
   <div class='ocr_carea' id='block_1_6' title="bbox 384 1398 2052 1448">
    <p class='ocr_par' dir='ltr' id='par_1_7' title="bbox 384 1398 2052 1448">
     <span class='ocr_line' id='line_1_24' title="bbox 384 1398 2052 1448; baseline 0.001 -16"><span class='ocrx_word' id='word_1_239' title='bbox 384 1399 495 1434; x_wconf 79' lang='lat' dir='ltr'>solum</span> <span class='ocrx_word' id='word_1_240' title='bbox 523 1398 620 1434; x_wconf 80' lang='lat' dir='ltr'>Deus</span> <span class='ocrx_word' id='word_1_241' title='bbox 647 1414 717 1434; x_wconf 90' lang='lat' dir='ltr'>non</span> <span class='ocrx_word' id='word_1_242' title='bbox 748 1399 836 1442; x_wconf 82' lang='lat' dir='ltr'>crit,</span> <span class='ocrx_word' id='word_1_243' title='bbox 862 1400 921 1434; x_wconf 92' lang='lat' dir='ltr'>sed</span> <span class='ocrx_word' id='word_1_244' title='bbox 950 1408 982 1434; x_wconf 85' lang='lat' dir='ltr'>ct</span> <span class='ocrx_word' id='word_1_245' title='bbox 1010 1400 1181 1434; x_wconf 78' lang='lat' dir='ltr'>creaturis</span> <span class='ocrx_word' id='word_1_246' title='bbox 1208 1400 1351 1434; x_wconf 76' lang='lat' dir='ltr'>inferior</span> <span class='ocrx_word' id='word_1_247' title='bbox 1377 1399 1573 1436; x_wconf 80' lang='lat' dir='ltr'>videbitur:</span> <span class='ocrx_word' id='word_1_248' title='bbox 1600 1399 1775 1448; x_wconf 84' lang='lat' dir='ltr'>siquidem</span> <span class='ocrx_word' id='word_1_249' title='bbox 1801 1400 1989 1447; x_wconf 87' lang='lat' dir='ltr'>prophetae</span> <span class='ocrx_word' id='word_1_250' title='bbox 2019 1408 2052 1434; x_wconf 86' lang='lat' dir='ltr'>et</span> 
     </span>
    </p>
   </div>
   <div class='ocr_carea' id='block_1_7' title="bbox 315 1459 2053 1508">
    <p class='ocr_par' dir='ltr' id='par_1_8' title="bbox 315 1459 2053 1508">
     <span class='ocr_line' id='line_1_25' title="bbox 315 1459 2053 1508; baseline 0.001 -16"><span class='ocrx_word' id='word_1_251' title='bbox 315 1474 346 1492; x_wconf 54' lang='grc' dir='ltr'>ετ).</span> <span class='ocrx_word' id='word_1_252' title='bbox 383 1459 442 1493; x_wconf 85' lang='lat' dir='ltr'>alii</span> <span class='ocrx_word' id='word_1_253' title='bbox 469 1460 534 1494; x_wconf 62' lang='lat' dir='ltr'>riri</span> <span class='ocrx_word' id='word_1_254' title='bbox 561 1460 702 1507; x_wconf 73' lang='lat' dir='ltr'>inclyti,</span> <span class='ocrx_word' id='word_1_255' title='bbox 731 1459 838 1494; x_wconf 85' lang='lat' dir='ltr'>multa</span> <span class='ocrx_word' id='word_1_256' title='bbox 866 1460 1064 1508; x_wconf 86' lang='lat' dir='ltr'>praesentia</span> <span class='ocrx_word' id='word_1_257' title='bbox 1093 1469 1125 1494; x_wconf 86' lang='lat' dir='ltr'>et</span> <span class='ocrx_word' id='word_1_258' title='bbox 1152 1461 1270 1495; x_wconf 80' lang='lat' dir='ltr'>sutura</span> <span class='ocrx_word' id='word_1_259' title='bbox 1298 1474 1448 1508; x_wconf 85' lang='lat' dir='ltr'>superno</span> <span class='ocrx_word' id='word_1_260' title='bbox 1476 1460 1608 1495; x_wconf 83' lang='lat' dir='ltr'>lumine</span> <span class='ocrx_word' id='word_1_261' title='bbox 1636 1467 1896 1507; x_wconf 78' lang='lat' dir='ltr'>eognoverunt3</span> <span class='ocrx_word' id='word_1_262' title='bbox 1923 1459 2053 1507; x_wconf 74' lang='lat' dir='ltr'>quibus</span> 
     </span>
    </p>
   </div>
   <div class='ocr_carea' id='block_1_8' title="bbox 382 1519 2057 2844">
    <p class='ocr_par' dir='ltr' id='par_1_9' title="bbox 382 1519 2057 2844">
     <span class='ocr_line' id='line_1_26' title="bbox 385 1519 2053 1569; baseline 0 -15"><span class='ocrx_word' id='word_1_263' title='bbox 385 1520 601 1563; x_wconf 78' lang='lat' dir='ltr'>hominibus,</span> <span class='ocrx_word' id='word_1_264' title='bbox 622 1521 649 1555; x_wconf 88' lang='lat' dir='ltr'>si</span> <span class='ocrx_word' id='word_1_265' title='bbox 672 1530 764 1556; x_wconf 84' lang='lat' dir='ltr'>certe</span> <span class='ocrx_word' id='word_1_266' title='bbox 787 1520 973 1567; x_wconf 77' lang='lat' dir='ltr'>ignoravit,</span> <span class='ocrx_word' id='word_1_267' title='bbox 994 1535 1136 1569; x_wconf 89' lang='lat' dir='ltr'>prorsus</span> <span class='ocrx_word' id='word_1_268' title='bbox 1158 1521 1271 1555; x_wconf 87' lang='lat' dir='ltr'>minor</span> <span class='ocrx_word' id='word_1_269' title='bbox 1292 1521 1367 1556; x_wconf 86' lang='lat' dir='ltr'>erit.</span> <span class='ocrx_word' id='word_1_270' title='bbox 1389 1521 1435 1555; x_wconf 81' lang='lat' dir='ltr'>Et</span> <span class='ocrx_word' id='word_1_271' title='bbox 1457 1521 1485 1555; x_wconf 87' lang='lat' dir='ltr'>si</span> <span class='ocrx_word' id='word_1_272' title='bbox 1506 1534 1618 1569; x_wconf 89' lang='lat' dir='ltr'>quum</span> <span class='ocrx_word' id='word_1_273' title='bbox 1639 1520 1718 1555; x_wconf 80' lang='lat' dir='ltr'>Deo</span> <span class='ocrx_word' id='word_1_274' title='bbox 1739 1521 1824 1568; x_wconf 88' lang='lat' dir='ltr'>patri</span> <span class='ocrx_word' id='word_1_275' title='bbox 1845 1520 1937 1555; x_wconf 89' lang='lat' dir='ltr'>filius</span> <span class='ocrx_word' id='word_1_276' title='bbox 1954 1519 2053 1555; x_wconf 83' lang='lat' dir='ltr'>Deus</span> 
     </span>
     <span class='ocr_line' id='line_1_27' title="bbox 385 1580 2052 1627; baseline 0.001 -13"><span class='ocrx_word' id='word_1_277' title='bbox 385 1581 495 1617; x_wconf 87' lang='lat' dir='ltr'>dicat:</span> <span class='ocrx_word' id='word_1_278' title='bbox 517 1588 540 1602; x_wconf 68' lang='lat'>‘⁶</span> <span class='ocrx_word' id='word_1_279' title='bbox 564 1594 640 1615; x_wconf 87' lang='lat' dir='ltr'>mea</span> <span class='ocrx_word' id='word_1_280' title='bbox 663 1582 793 1623; x_wconf 86' lang='lat' dir='ltr'>onmia,</span> <span class='ocrx_word' id='word_1_281' title='bbox 816 1590 876 1616; x_wconf 87' lang='lat' dir='ltr'>tua</span> <span class='ocrx_word' id='word_1_282' title='bbox 900 1590 1000 1627; x_wconf 68' lang='lat' dir='ltr'>sunt,</span> <span class='ocrx_word' id='word_1_283' title='bbox 1023 1590 1055 1616; x_wconf 88' lang='lat' dir='ltr'>et</span> <span class='ocrx_word' id='word_1_284' title='bbox 1082 1590 1162 1624; x_wconf 86' lang='lat' dir='ltr'>tua,</span> <span class='ocrx_word' id='word_1_285' title='bbox 1183 1595 1278 1627; x_wconf 77' lang='lat' dir='ltr'>mca3</span> <span class='ocrx_word' id='word_1_286' title='bbox 1301 1589 1335 1616; x_wconf 85' lang='lat' dir='ltr'>et</span> <span class='ocrx_word' id='word_1_287' title='bbox 1355 1581 1565 1616; x_wconf 83' lang='lat' dir='ltr'>clarificatus</span> <span class='ocrx_word' id='word_1_288' title='bbox 1588 1594 1666 1616; x_wconf 91' lang='lat' dir='ltr'>sum</span> <span class='ocrx_word' id='word_1_289' title='bbox 1684 1583 1721 1615; x_wconf 90' lang='lat' dir='ltr'>in</span> <span class='ocrx_word' id='word_1_290' title='bbox 1741 1581 1789 1615; x_wconf 82' lang='lat' dir='ltr'>eis</span> <span class='ocrx_word' id='word_1_291' title='bbox 1811 1582 1846 1627; x_wconf 43' lang='grc' dir='ltr'>’ἢ</span> <span class='ocrx_word' id='word_1_292' title='bbox 1871 1608 1895 1623; x_wconf 85' lang='lat'><strong>„</strong></span> <span class='ocrx_word' id='word_1_293' title='bbox 1915 1580 1944 1615; x_wconf 89' lang='lat' dir='ltr'>si</span> <span class='ocrx_word' id='word_1_294' title='bbox 1964 1582 2052 1615; x_wconf 85' lang='lat' dir='ltr'>sorte</span> 
     </span>
     <span class='ocr_line' id='line_1_28' title="bbox 384 1641 2053 1690; baseline 0 -15"><span class='ocrx_word' id='word_1_295' title='bbox 384 1642 515 1690; x_wconf 72' lang='lat' dir='ltr'>aliquid</span> <span class='ocrx_word' id='word_1_296' title='bbox 544 1641 585 1676; x_wconf 88' lang='lat' dir='ltr'>de</span> <span class='ocrx_word' id='word_1_297' title='bbox 615 1656 733 1676; x_wconf 86' lang='lat' dir='ltr'>rerum</span> <span class='ocrx_word' id='word_1_298' title='bbox 761 1655 893 1676; x_wconf 82' lang='lat' dir='ltr'>sumnia</span> <span class='ocrx_word' id='word_1_299' title='bbox 922 1642 1076 1688; x_wconf 79' lang='lat' dir='ltr'>ignoret,</span> <span class='ocrx_word' id='word_1_300' title='bbox 1104 1656 1245 1676; x_wconf 84' lang='lat' dir='ltr'>necesse</span> <span class='ocrx_word' id='word_1_301' title='bbox 1275 1650 1325 1676; x_wconf 85' lang='lat' dir='ltr'>est</span> <span class='ocrx_word' id='word_1_302' title='bbox 1354 1642 1388 1676; x_wconf 85' lang='lat' dir='ltr'>id</span> <span class='ocrx_word' id='word_1_303' title='bbox 1415 1655 1433 1676; x_wconf 86' lang='lat' dir='ltr'>a</span> <span class='ocrx_word' id='word_1_304' title='bbox 1459 1651 1557 1690; x_wconf 86' lang='lat' dir='ltr'>patre</span> <span class='ocrx_word' id='word_1_305' title='bbox 1585 1656 1729 1690; x_wconf 83' lang='lat' dir='ltr'>quoque</span> <span class='ocrx_word' id='word_1_306' title='bbox 1757 1641 1932 1688; x_wconf 61' lang='lat' dir='ltr'>ignorarig</span> <span class='ocrx_word' id='word_1_307' title='bbox 1960 1641 2053 1689; x_wconf 85' lang='lat' dir='ltr'>quod</span> 
     </span>
     <span class='ocr_line' id='line_1_29' title="bbox 383 1702 2053 1751; baseline 0 -15"><span class='ocrx_word' id='word_1_308' title='bbox 383 1703 523 1751; x_wconf 79' lang='lat' dir='ltr'>quidem</span> <span class='ocrx_word' id='word_1_309' title='bbox 550 1717 629 1750; x_wconf 84' lang='lat' dir='ltr'>prae</span> <span class='ocrx_word' id='word_1_310' title='bbox 659 1703 787 1738; x_wconf 85' lang='lat' dir='ltr'>ceteris</span> <span class='ocrx_word' id='word_1_311' title='bbox 816 1702 1008 1738; x_wconf 82' lang='lat' dir='ltr'>absurdum</span> <span class='ocrx_word' id='word_1_312' title='bbox 1029 1711 1081 1736; x_wconf 77' lang='lat' dir='ltr'>est</span> <span class='ocrx_word' id='word_1_313' title='bbox 1103 1712 1135 1737; x_wconf 87' lang='lat' dir='ltr'>et</span> <span class='ocrx_word' id='word_1_314' title='bbox 1155 1703 1394 1749; x_wconf 81' lang='lat' dir='ltr'>irreligiosum.</span> <span class='ocrx_word' id='word_1_315' title='bbox 1421 1702 1561 1737; x_wconf 79' lang='lat' dir='ltr'>Deinde</span> <span class='ocrx_word' id='word_1_316' title='bbox 1575 1731 1583 1745; x_wconf 92' lang='lat'>,</span> <span class='ocrx_word' id='word_1_317' title='bbox 1603 1703 1658 1738; x_wconf 83' lang='lat' dir='ltr'>vel</span> <span class='ocrx_word' id='word_1_318' title='bbox 1678 1702 1886 1738; x_wconf 80' lang='lat' dir='ltr'>naturaliter</span> <span class='ocrx_word' id='word_1_319' title='bbox 1906 1703 2053 1738; x_wconf 87' lang='lat' dir='ltr'>seientia</span> 
     </span>
     <span class='ocr_line' id='line_1_30' title="bbox 385 1761 2054 1811; baseline 0 -14"><span class='ocrx_word' id='word_1_320' title='bbox 385 1772 496 1806; x_wconf 86' lang='lat' dir='ltr'>caret,</span> <span class='ocrx_word' id='word_1_321' title='bbox 523 1764 575 1798; x_wconf 76' lang='lat' dir='ltr'>vel</span> <span class='ocrx_word' id='word_1_322' title='bbox 602 1763 644 1798; x_wconf 87' lang='lat' dir='ltr'>ab</span> <span class='ocrx_word' id='word_1_323' title='bbox 673 1763 738 1797; x_wconf 87' lang='lat' dir='ltr'>alio</span> <span class='ocrx_word' id='word_1_324' title='bbox 766 1763 890 1811; x_wconf 80' lang='lat' dir='ltr'>quovis</span> <span class='ocrx_word' id='word_1_325' title='bbox 918 1776 978 1810; x_wconf 88' lang='lat' dir='ltr'>pcr</span> <span class='ocrx_word' id='word_1_326' title='bbox 1005 1762 1075 1796; x_wconf 74' lang='lat' dir='ltr'>vim</span> <span class='ocrx_word' id='word_1_327' title='bbox 1103 1762 1169 1797; x_wconf 86' lang='lat' dir='ltr'>suit</span> <span class='ocrx_word' id='word_1_328' title='bbox 1197 1762 1252 1796; x_wconf 90' lang='lat' dir='ltr'>illa</span> <span class='ocrx_word' id='word_1_329' title='bbox 1280 1762 1454 1810; x_wconf 85' lang='lat' dir='ltr'>spoliatus.</span> <span class='ocrx_word' id='word_1_330' title='bbox 1485 1761 1524 1796; x_wconf 86' lang='lat' dir='ltr'>Si</span> <span class='ocrx_word' id='word_1_331' title='bbox 1553 1763 1594 1797; x_wconf 89' lang='lat' dir='ltr'>ab</span> <span class='ocrx_word' id='word_1_332' title='bbox 1622 1762 1688 1797; x_wconf 87' lang='lat' dir='ltr'>alio</span> <span class='ocrx_word' id='word_1_333' title='bbox 1717 1763 1858 1811; x_wconf 86' lang='lat' dir='ltr'>quidem</span> <span class='ocrx_word' id='word_1_334' title='bbox 1885 1763 2054 1797; x_wconf 72' lang='lat' dir='ltr'>violenter</span> 
     </span>
     <span class='ocr_line' id='line_1_31' title="bbox 382 1823 2053 1872; baseline -0.001 -13"><span class='ocrx_word' id='word_1_335' title='bbox 382 1825 530 1859; x_wconf 84' lang='lat' dir='ltr'>scientia</span> <span class='ocrx_word' id='word_1_336' title='bbox 558 1825 711 1872; x_wconf 68' lang='lat' dir='ltr'>privatus</span> <span class='ocrx_word' id='word_1_337' title='bbox 740 1823 829 1865; x_wconf 78' lang='lat' dir='ltr'>suit,</span> <span class='ocrx_word' id='word_1_338' title='bbox 855 1824 918 1859; x_wconf 88' lang='lat' dir='ltr'>erit</span> <span class='ocrx_word' id='word_1_339' title='bbox 947 1823 1003 1858; x_wconf 87' lang='lat' dir='ltr'>ille</span> <span class='ocrx_word' id='word_1_340' title='bbox 1031 1823 1119 1857; x_wconf 86' lang='lat' dir='ltr'>alius</span> <span class='ocrx_word' id='word_1_341' title='bbox 1146 1823 1328 1858; x_wconf 80' lang='lat' dir='ltr'>animosior</span> <span class='ocrx_word' id='word_1_342' title='bbox 1357 1832 1388 1857; x_wconf 87' lang='lat' dir='ltr'>et</span> <span class='ocrx_word' id='word_1_343' title='bbox 1415 1824 1546 1859; x_wconf 78' lang='lat' dir='ltr'>sortior.</span> <span class='ocrx_word' id='word_1_344' title='bbox 1575 1823 1640 1858; x_wconf 78' lang='lat' dir='ltr'>Sin</span> <span class='ocrx_word' id='word_1_345' title='bbox 1668 1824 1870 1859; x_wconf 86' lang='lat' dir='ltr'>naturaliter</span> <span class='ocrx_word' id='word_1_346' title='bbox 1896 1824 2053 1871; x_wconf 81' lang='lat' dir='ltr'>ignorat,</span> 
     </span>
     <span class='ocr_line' id='line_1_32' title="bbox 383 1883 2054 1934; baseline 0 -15"><span class='ocrx_word' id='word_1_347' title='bbox 383 1899 575 1933; x_wconf 78' lang='lat' dir='ltr'>numquam</span> <span class='ocrx_word' id='word_1_348' title='bbox 596 1894 715 1933; x_wconf 85' lang='lat' dir='ltr'>postca</span> <span class='ocrx_word' id='word_1_349' title='bbox 737 1885 834 1920; x_wconf 81' lang='lat' dir='ltr'>sciet.</span> <span class='ocrx_word' id='word_1_350' title='bbox 862 1884 954 1919; x_wconf 73' lang='lat' dir='ltr'>Nam</span> <span class='ocrx_word' id='word_1_351' title='bbox 974 1898 1062 1932; x_wconf 83' lang='lat' dir='ltr'>quae</span> <span class='ocrx_word' id='word_1_352' title='bbox 1084 1883 1286 1918; x_wconf 80' lang='lat' dir='ltr'>naturaliter</span> <span class='ocrx_word' id='word_1_353' title='bbox 1307 1884 1415 1919; x_wconf 87' lang='lat' dir='ltr'>alicui</span> <span class='ocrx_word' id='word_1_354' title='bbox 1438 1884 1577 1925; x_wconf 79' lang='lat' dir='ltr'>insunt,</span> <span class='ocrx_word' id='word_1_355' title='bbox 1600 1899 1660 1933; x_wconf 87' lang='lat' dir='ltr'>per</span> <span class='ocrx_word' id='word_1_356' title='bbox 1682 1899 1716 1920; x_wconf 84' lang='lat' dir='ltr'>se</span> <span class='ocrx_word' id='word_1_357' title='bbox 1739 1884 1886 1934; x_wconf 83' lang='lat' dir='ltr'>quidem</span> <span class='ocrx_word' id='word_1_358' title='bbox 1907 1885 2054 1919; x_wconf 77' lang='lat' dir='ltr'>existen-</span> 
     </span>
     <span class='ocr_line' id='line_1_33' title="bbox 383 1944 2055 1993; baseline 0 -14"><span class='ocrx_word' id='word_1_359' title='bbox 383 1945 429 1979; x_wconf 86' lang='lat' dir='ltr'>tia</span> <span class='ocrx_word' id='word_1_360' title='bbox 444 1974 451 1988; x_wconf 72' lang='lat'>,</span> <span class='ocrx_word' id='word_1_361' title='bbox 473 1960 543 1981; x_wconf 83' lang='lat' dir='ltr'>nen</span> <span class='ocrx_word' id='word_1_362' title='bbox 567 1946 719 1980; x_wconf 76' lang='lat' dir='ltr'>exterius</span> <span class='ocrx_word' id='word_1_363' title='bbox 740 1945 899 1987; x_wconf 82' lang='lat' dir='ltr'>invecta,</span> <span class='ocrx_word' id='word_1_364' title='bbox 920 1959 992 1980; x_wconf 89' lang='lat' dir='ltr'>non</span> <span class='ocrx_word' id='word_1_365' title='bbox 1014 1953 1152 1980; x_wconf 82' lang='lat' dir='ltr'>mutant</span> <span class='ocrx_word' id='word_1_366' title='bbox 1173 1945 1367 1991; x_wconf 84' lang='lat' dir='ltr'>congenita.</span> <span class='ocrx_word' id='word_1_367' title='bbox 1394 1944 1458 1980; x_wconf 75' lang='lat' dir='ltr'>Est</span> <span class='ocrx_word' id='word_1_368' title='bbox 1479 1945 1608 1993; x_wconf 85' lang='lat' dir='ltr'>quippe</span> <span class='ocrx_word' id='word_1_369' title='bbox 1631 1953 1772 1980; x_wconf 88' lang='lat' dir='ltr'>naturae</span> <span class='ocrx_word' id='word_1_370' title='bbox 1795 1945 1972 1993; x_wconf 87' lang='lat' dir='ltr'>proprium</span> <span class='ocrx_word' id='word_1_371' title='bbox 1986 1973 1994 1988; x_wconf 92' lang='lat'>,</span> <span class='ocrx_word' id='word_1_372' title='bbox 2016 1954 2055 1980; x_wconf 85' lang='lat' dir='ltr'>ut</span> 
     </span>
     <span class='ocr_line' id='line_1_34' title="bbox 386 2006 2054 2054; baseline -0.001 -14"><span class='ocrx_word' id='word_1_373' title='bbox 386 2007 418 2040; x_wconf 88' lang='lat' dir='ltr'>in</span> <span class='ocrx_word' id='word_1_374' title='bbox 440 2006 588 2054; x_wconf 79' lang='lat' dir='ltr'>physicis</span> <span class='ocrx_word' id='word_1_375' title='bbox 610 2006 836 2054; x_wconf 84' lang='lat' dir='ltr'>qualitatibus</span> <span class='ocrx_word' id='word_1_376' title='bbox 857 2006 898 2040; x_wconf 83' lang='lat' dir='ltr'>sit</span> <span class='ocrx_word' id='word_1_377' title='bbox 920 2006 1158 2041; x_wconf 85' lang='lat' dir='ltr'>immutabilis.</span> <span class='ocrx_word' id='word_1_378' title='bbox 1186 2006 1300 2053; x_wconf 80' lang='lat' dir='ltr'>Igitur</span> <span class='ocrx_word' id='word_1_379' title='bbox 1321 2019 1514 2054; x_wconf 83' lang='lat' dir='ltr'>numquam</span> <span class='ocrx_word' id='word_1_380' title='bbox 1536 2006 1621 2054; x_wconf 86' lang='lat' dir='ltr'>ipsis</span> <span class='ocrx_word' id='word_1_381' title='bbox 1641 2021 1716 2054; x_wconf 84' lang='lat' dir='ltr'>spes</span> <span class='ocrx_word' id='word_1_382' title='bbox 1738 2006 1856 2041; x_wconf 87' lang='lat' dir='ltr'>salutis</span> <span class='ocrx_word' id='word_1_383' title='bbox 1883 2006 1969 2048; x_wconf 85' lang='lat' dir='ltr'>erit,</span> <span class='ocrx_word' id='word_1_384' title='bbox 1990 2006 2054 2041; x_wconf 82' lang='lat' dir='ltr'>nisi</span> 
     </span>
     <span class='ocr_line' id='line_1_35' title="bbox 386 2066 2056 2115; baseline 0.001 -14"><span class='ocrx_word' id='word_1_385' title='bbox 386 2068 421 2101; x_wconf 87' lang='lat' dir='ltr'>in</span> <span class='ocrx_word' id='word_1_386' title='bbox 445 2067 509 2101; x_wconf 87' lang='lat' dir='ltr'>alio</span> <span class='ocrx_word' id='word_1_387' title='bbox 530 2067 641 2102; x_wconf 78' lang='lat' dir='ltr'>suerit</span> <span class='ocrx_word' id='word_1_388' title='bbox 659 2067 819 2115; x_wconf 83' lang='lat' dir='ltr'>reposita.</span> <span class='ocrx_word' id='word_1_389' title='bbox 842 2066 931 2102; x_wconf 81' lang='lat' dir='ltr'>Nam</span> <span class='ocrx_word' id='word_1_390' title='bbox 952 2067 1014 2115; x_wconf 78' lang='lat' dir='ltr'>qui</span> <span class='ocrx_word' id='word_1_391' title='bbox 1034 2081 1130 2102; x_wconf 87' lang='lat' dir='ltr'>nune</span> <span class='ocrx_word' id='word_1_392' title='bbox 1150 2067 1274 2102; x_wconf 82' lang='lat' dir='ltr'>salvare</span> <span class='ocrx_word' id='word_1_393' title='bbox 1296 2067 1427 2110; x_wconf 85' lang='lat' dir='ltr'>nescit,</span> <span class='ocrx_word' id='word_1_394' title='bbox 1450 2081 1561 2115; x_wconf 86' lang='lat' dir='ltr'>neque</span> <span class='ocrx_word' id='word_1_395' title='bbox 1584 2067 1621 2102; x_wconf 88' lang='lat' dir='ltr'>in</span> <span class='ocrx_word' id='word_1_396' title='bbox 1643 2076 1820 2115; x_wconf 77' lang='lat' dir='ltr'>posterum</span> <span class='ocrx_word' id='word_1_397' title='bbox 1844 2067 1938 2102; x_wconf 85' lang='lat' dir='ltr'>sciet.</span> <span class='ocrx_word' id='word_1_398' title='bbox 1961 2067 2056 2113; x_wconf 84' lang='lat' dir='ltr'>Quo-</span> 
     </span>
     <span class='ocr_line' id='line_1_36' title="bbox 386 2127 2056 2176; baseline 0.001 -15"><span class='ocrx_word' id='word_1_399' title='bbox 386 2128 486 2162; x_wconf 83' lang='lat' dir='ltr'>modo</span> <span class='ocrx_word' id='word_1_400' title='bbox 509 2142 589 2175; x_wconf 72' lang='lat' dir='ltr'>ergo</span> <span class='ocrx_word' id='word_1_401' title='bbox 613 2128 817 2163; x_wconf 87' lang='lat' dir='ltr'>innoeentes</span> <span class='ocrx_word' id='word_1_402' title='bbox 840 2137 943 2162; x_wconf 88' lang='lat' dir='ltr'>crunt</span> <span class='ocrx_word' id='word_1_403' title='bbox 969 2137 1001 2162; x_wconf 88' lang='lat' dir='ltr'>et</span> <span class='ocrx_word' id='word_1_404' title='bbox 1023 2127 1206 2176; x_wconf 77' lang='lat' dir='ltr'>impunes,</span> <span class='ocrx_word' id='word_1_405' title='bbox 1228 2128 1313 2162; x_wconf 89' lang='lat' dir='ltr'>dum</span> <span class='ocrx_word' id='word_1_406' title='bbox 1335 2128 1371 2162; x_wconf 89' lang='lat' dir='ltr'>in</span> <span class='ocrx_word' id='word_1_407' title='bbox 1393 2128 1631 2175; x_wconf 73' lang='lat' dir='ltr'>Agnoetarum</span> <span class='ocrx_word' id='word_1_408' title='bbox 1653 2128 1795 2176; x_wconf 84' lang='lat' dir='ltr'>impiam</span> <span class='ocrx_word' id='word_1_409' title='bbox 1815 2128 1982 2163; x_wconf 81' lang='lat' dir='ltr'>haeresim</span> <span class='ocrx_word' id='word_1_410' title='bbox 2005 2142 2056 2162; x_wconf 88' lang='lat' dir='ltr'>m-</span> 
     </span>
     <span class='ocr_line' id='line_1_37' title="bbox 386 2188 2054 2237; baseline 0.001 -15"><span class='ocrx_word' id='word_1_411' title='bbox 386 2188 569 2231; x_wconf 73' lang='lat' dir='ltr'>citlcrunt,</span> <span class='ocrx_word' id='word_1_412' title='bbox 590 2190 651 2236; x_wconf 78' lang='lat' dir='ltr'>qui</span> <span class='ocrx_word' id='word_1_413' title='bbox 678 2197 803 2236; x_wconf 86' lang='lat' dir='ltr'>putant</span> <span class='ocrx_word' id='word_1_414' title='bbox 831 2189 980 2223; x_wconf 82' lang='lat' dir='ltr'>nescisse</span> <span class='ocrx_word' id='word_1_415' title='bbox 1013 2188 1189 2223; x_wconf 82' lang='lat' dir='ltr'>Christum</span> <span class='ocrx_word' id='word_1_416' title='bbox 1216 2189 1335 2223; x_wconf 88' lang='lat' dir='ltr'>horam</span> <span class='ocrx_word' id='word_1_417' title='bbox 1362 2203 1401 2224; x_wconf 85' lang='lat' dir='ltr'>ae</span> <span class='ocrx_word' id='word_1_418' title='bbox 1429 2189 1543 2232; x_wconf 88' lang='lat' dir='ltr'>diem,</span> <span class='ocrx_word' id='word_1_419' title='bbox 1565 2202 1636 2237; x_wconf 88' lang='lat' dir='ltr'>quo</span> <span class='ocrx_word' id='word_1_420' title='bbox 1665 2189 1815 2223; x_wconf 80' lang='lat' dir='ltr'>universi</span> <span class='ocrx_word' id='word_1_421' title='bbox 1839 2189 1942 2223; x_wconf 85' lang='lat' dir='ltr'>huius</span> <span class='ocrx_word' id='word_1_422' title='bbox 1963 2189 2054 2223; x_wconf 79' lang='lat' dir='ltr'>orbis</span> 
     </span>
     <span class='ocr_line' id='line_1_38' title="bbox 386 2248 2055 2297; baseline 0 -15"><span class='ocrx_word' id='word_1_423' title='bbox 386 2248 465 2282; x_wconf 87' lang='lat' dir='ltr'>finis</span> <span class='ocrx_word' id='word_1_424' title='bbox 489 2249 554 2283; x_wconf 85' lang='lat' dir='ltr'>crit</span> <span class='ocrx_word' id='word_1_425' title='bbox 571 2251 612 2284; x_wconf 56' lang='lat' dir='ltr'>*P</span> <span class='ocrx_word' id='word_1_426' title='bbox 631 2249 723 2297; x_wconf 85' lang='lat' dir='ltr'>quod</span> <span class='ocrx_word' id='word_1_427' title='bbox 745 2249 887 2296; x_wconf 84' lang='lat' dir='ltr'>quidem</span> <span class='ocrx_word' id='word_1_428' title='bbox 908 2249 952 2283; x_wconf 88' lang='lat' dir='ltr'>ob</span> <span class='ocrx_word' id='word_1_429' title='bbox 973 2263 1072 2284; x_wconf 88' lang='lat' dir='ltr'>suam</span> <span class='ocrx_word' id='word_1_430' title='bbox 1092 2249 1344 2284; x_wconf 83' lang='lat' dir='ltr'>humanitatem</span> <span class='ocrx_word' id='word_1_431' title='bbox 1366 2249 1562 2283; x_wconf 84' lang='lat' dir='ltr'>testandam</span> <span class='ocrx_word' id='word_1_432' title='bbox 1585 2249 1745 2284; x_wconf 79' lang='lat' dir='ltr'>Sei-vator</span> <span class='ocrx_word' id='word_1_433' title='bbox 1767 2249 1855 2284; x_wconf 71' lang='lat' dir='ltr'>divis</span> <span class='ocrx_word' id='word_1_434' title='bbox 1877 2249 2055 2297; x_wconf 81' lang='lat' dir='ltr'>discipulis</span> 
     </span>
     <span class='ocr_line' id='line_1_39' title="bbox 389 2308 2055 2358; baseline 0.001 -16"><span class='ocrx_word' id='word_1_435' title='bbox 389 2308 517 2354; x_wconf 65' lang='lat' dir='ltr'>aiebatg</span> <span class='ocrx_word' id='word_1_436' title='bbox 535 2309 587 2343; x_wconf 86' lang='lat' dir='ltr'>vel</span> <span class='ocrx_word' id='word_1_437' title='bbox 608 2309 752 2357; x_wconf 82' lang='lat' dir='ltr'>prodere</span> <span class='ocrx_word' id='word_1_438' title='bbox 774 2309 927 2352; x_wconf 82' lang='lat' dir='ltr'>distulit,</span> <span class='ocrx_word' id='word_1_439' title='bbox 944 2310 1024 2358; x_wconf 80' lang='lat' dir='ltr'>quia</span> <span class='ocrx_word' id='word_1_440' title='bbox 1045 2310 1136 2345; x_wconf 88' lang='lat' dir='ltr'>haud</span> <span class='ocrx_word' id='word_1_441' title='bbox 1161 2310 1246 2345; x_wconf 81' lang='lat' dir='ltr'>utile</span> <span class='ocrx_word' id='word_1_442' title='bbox 1269 2310 1350 2358; x_wconf 85' lang='lat' dir='ltr'>ipsis</span> <span class='ocrx_word' id='word_1_443' title='bbox 1374 2319 1446 2344; x_wconf 88' lang='lat' dir='ltr'>crat</span> <span class='ocrx_word' id='word_1_444' title='bbox 1468 2310 1502 2344; x_wconf 86' lang='lat' dir='ltr'>id</span> <span class='ocrx_word' id='word_1_445' title='bbox 1524 2310 1643 2344; x_wconf 87' lang='lat' dir='ltr'>audire</span> <span class='ocrx_word' id='word_1_446' title='bbox 1666 2324 1705 2344; x_wconf 90' lang='lat' dir='ltr'>ae</span> <span class='ocrx_word' id='word_1_447' title='bbox 1726 2310 1870 2355; x_wconf 74' lang='lat' dir='ltr'>resen-03</span> <span class='ocrx_word' id='word_1_448' title='bbox 1892 2310 2055 2357; x_wconf 87' lang='lat' dir='ltr'>quoniam</span> 
     </span>
     <span class='ocr_line' id='line_1_40' title="bbox 388 2369 2055 2418; baseline 0.001 -16"><span class='ocrx_word' id='word_1_449' title='bbox 388 2369 479 2403; x_wconf 87' lang='lat' dir='ltr'>haud</span> <span class='ocrx_word' id='word_1_450' title='bbox 506 2383 613 2417; x_wconf 83' lang='lat' dir='ltr'>aequa</span> <span class='ocrx_word' id='word_1_451' title='bbox 641 2370 806 2404; x_wconf 83' lang='lat' dir='ltr'>sciscitati</span> <span class='ocrx_word' id='word_1_452' title='bbox 833 2371 989 2413; x_wconf 71' lang='lat' dir='ltr'>fucrant,</span> <span class='ocrx_word' id='word_1_453' title='bbox 1014 2379 1045 2405; x_wconf 88' lang='lat' dir='ltr'>ct</span> <span class='ocrx_word' id='word_1_454' title='bbox 1073 2371 1203 2405; x_wconf 87' lang='lat' dir='ltr'>maiora</span> <span class='ocrx_word' id='word_1_455' title='bbox 1227 2371 1414 2418; x_wconf 77' lang='lat' dir='ltr'>capacitate</span> <span class='ocrx_word' id='word_1_456' title='bbox 1443 2385 1503 2405; x_wconf 87' lang='lat' dir='ltr'>sua</span> <span class='ocrx_word' id='word_1_457' title='bbox 1531 2371 1664 2405; x_wconf 86' lang='lat' dir='ltr'>discere</span> <span class='ocrx_word' id='word_1_458' title='bbox 1692 2370 1872 2415; x_wconf 77' lang='lat' dir='ltr'>volebant3</span> <span class='ocrx_word' id='word_1_459' title='bbox 1895 2370 1947 2403; x_wconf 63' lang='lat' dir='ltr'>rel</span> <span class='ocrx_word' id='word_1_460' title='bbox 1975 2370 2055 2418; x_wconf 84' lang='lat' dir='ltr'>quia</span> 
     </span>
     <span class='ocr_line' id='line_1_41' title="bbox 388 2429 2055 2480; baseline 0.001 -17"><span class='ocrx_word' id='word_1_461' title='bbox 388 2429 584 2477; x_wconf 78' lang='lat' dir='ltr'>prudenter</span> <span class='ocrx_word' id='word_1_462' title='bbox 606 2431 726 2465; x_wconf 86' lang='lat' dir='ltr'>maluit</span> <span class='ocrx_word' id='word_1_463' title='bbox 753 2431 915 2466; x_wconf 84' lang='lat' dir='ltr'>simulare</span> <span class='ocrx_word' id='word_1_464' title='bbox 938 2446 971 2467; x_wconf 85' lang='lat' dir='ltr'>se</span> <span class='ocrx_word' id='word_1_465' title='bbox 995 2431 1129 2466; x_wconf 81' lang='lat' dir='ltr'>nescire</span> <span class='ocrx_word' id='word_1_466' title='bbox 1144 2461 1151 2474; x_wconf 92' lang='lat'>,</span> <span class='ocrx_word' id='word_1_467' title='bbox 1173 2446 1278 2480; x_wconf 81' lang='lat' dir='ltr'>quam</span> <span class='ocrx_word' id='word_1_468' title='bbox 1298 2432 1480 2466; x_wconf 83' lang='lat' dir='ltr'>scientiam</span> <span class='ocrx_word' id='word_1_469' title='bbox 1508 2434 1616 2467; x_wconf 81' lang='lat' dir='ltr'>fassus</span> <span class='ocrx_word' id='word_1_470' title='bbox 1639 2440 1673 2466; x_wconf 89' lang='lat' dir='ltr'>et</span> <span class='ocrx_word' id='word_1_471' title='bbox 1696 2440 1810 2465; x_wconf 86' lang='lat' dir='ltr'>tamen</span> <span class='ocrx_word' id='word_1_472' title='bbox 1837 2431 1974 2473; x_wconf 81' lang='lat' dir='ltr'>celans,</span> <span class='ocrx_word' id='word_1_473' title='bbox 1998 2445 2055 2465; x_wconf 86' lang='lat' dir='ltr'>eos</span> 
     </span>
     <span class='ocr_line' id='line_1_42' title="bbox 389 2491 2054 2541; baseline 0.001 -17"><span class='ocrx_word' id='word_1_474' title='bbox 389 2491 608 2535; x_wconf 70' lang='lat' dir='ltr'>contristare3</span> <span class='ocrx_word' id='word_1_475' title='bbox 633 2491 685 2525; x_wconf 72' lang='lat' dir='ltr'>vcl</span> <span class='ocrx_word' id='word_1_476' title='bbox 713 2491 864 2539; x_wconf 67' lang='lat' dir='ltr'>denique</span> <span class='ocrx_word' id='word_1_477' title='bbox 892 2492 986 2527; x_wconf 88' lang='lat' dir='ltr'>aliud</span> <span class='ocrx_word' id='word_1_478' title='bbox 1008 2493 1094 2541; x_wconf 76' lang='lat' dir='ltr'>quid</span> <span class='ocrx_word' id='word_1_479' title='bbox 1124 2492 1254 2527; x_wconf 83' lang='lat' dir='ltr'>utiliter</span> <span class='ocrx_word' id='word_1_480' title='bbox 1275 2502 1308 2527; x_wconf 90' lang='lat' dir='ltr'>ct</span> <span class='ocrx_word' id='word_1_481' title='bbox 1330 2501 1433 2541; x_wconf 87' lang='lat' dir='ltr'>prout</span> <span class='ocrx_word' id='word_1_482' title='bbox 1456 2492 1573 2527; x_wconf 77' lang='lat' dir='ltr'>Deum</span> <span class='ocrx_word' id='word_1_483' title='bbox 1599 2492 1740 2527; x_wconf 79' lang='lat' dir='ltr'>decebat</span> <span class='ocrx_word' id='word_1_484' title='bbox 1767 2491 1882 2526; x_wconf 86' lang='lat' dir='ltr'>animo</span> <span class='ocrx_word' id='word_1_485' title='bbox 1908 2505 2054 2526; x_wconf 77' lang='lat' dir='ltr'>versans.</span> 
     </span>
     <span class='ocr_line' id='line_1_43' title="bbox 391 2551 2056 2601; baseline 0.001 -16"><span class='ocrx_word' id='word_1_486' title='bbox 391 2551 480 2585; x_wconf 57' lang='lat' dir='ltr'>iNam</span> <span class='ocrx_word' id='word_1_487' title='bbox 510 2560 601 2585; x_wconf 84' lang='lat' dir='ltr'>ecrtc</span> <span class='ocrx_word' id='word_1_488' title='bbox 630 2552 703 2599; x_wconf 87' lang='lat' dir='ltr'>ipse</span> <span class='ocrx_word' id='word_1_489' title='bbox 733 2566 813 2586; x_wconf 83' lang='lat' dir='ltr'>cum</span> <span class='ocrx_word' id='word_1_490' title='bbox 834 2552 933 2588; x_wconf 84' lang='lat' dir='ltr'>Deus</span> <span class='ocrx_word' id='word_1_491' title='bbox 959 2562 1050 2588; x_wconf 81' lang='lat' dir='ltr'>esset</span> <span class='ocrx_word' id='word_1_492' title='bbox 1078 2562 1111 2588; x_wconf 86' lang='lat' dir='ltr'>ct</span> <span class='ocrx_word' id='word_1_493' title='bbox 1131 2553 1289 2589; x_wconf 55' lang='lat' dir='ltr'>Verbum</span> <span class='ocrx_word' id='word_1_494' title='bbox 1316 2563 1419 2601; x_wconf 83' lang='lat' dir='ltr'>atque</span> <span class='ocrx_word' id='word_1_495' title='bbox 1442 2553 1646 2601; x_wconf 69' lang='lat' dir='ltr'>Sapientia,</span> <span class='ocrx_word' id='word_1_496' title='bbox 1668 2566 1786 2587; x_wconf 84' lang='lat' dir='ltr'>rerum</span> <span class='ocrx_word' id='word_1_497' title='bbox 1814 2553 1973 2587; x_wconf 87' lang='lat' dir='ltr'>omnium</span> <span class='ocrx_word' id='word_1_498' title='bbox 2002 2567 2056 2587; x_wconf 83' lang='lat' dir='ltr'>ex-</span> 
     </span>
     <span class='ocr_line' id='line_1_44' title="bbox 389 2612 2057 2661; baseline 0.001 -16"><span class='ocrx_word' id='word_1_499' title='bbox 389 2612 555 2659; x_wconf 79' lang='lat' dir='ltr'>ploratam</span> <span class='ocrx_word' id='word_1_500' title='bbox 575 2613 721 2647; x_wconf 83' lang='lat' dir='ltr'>hahebat</span> <span class='ocrx_word' id='word_1_501' title='bbox 743 2613 911 2649; x_wconf 86' lang='lat' dir='ltr'>notitiam.</span> <span class='ocrx_word' id='word_1_502' title='bbox 933 2614 993 2649; x_wconf 63' lang='lat' dir='ltr'>&#39;Nil</span> <span class='ocrx_word' id='word_1_503' title='bbox 1012 2624 1129 2649; x_wconf 87' lang='lat' dir='ltr'>autem</span> <span class='ocrx_word' id='word_1_504' title='bbox 1148 2615 1294 2658; x_wconf 88' lang='lat' dir='ltr'>mirum,</span> <span class='ocrx_word' id='word_1_505' title='bbox 1313 2615 1341 2649; x_wconf 85' lang='lat' dir='ltr'>si</span> <span class='ocrx_word' id='word_1_506' title='bbox 1359 2615 1393 2649; x_wconf 89' lang='lat' dir='ltr'>hi</span> <span class='ocrx_word' id='word_1_507' title='bbox 1412 2614 1592 2661; x_wconf 80' lang='lat' dir='ltr'>magistros</span> <span class='ocrx_word' id='word_1_508' title='bbox 1611 2627 1691 2648; x_wconf 88' lang='lat' dir='ltr'>suos</span> <span class='ocrx_word' id='word_1_509' title='bbox 1710 2613 1844 2648; x_wconf 81' lang='lat' dir='ltr'>arianos</span> <span class='ocrx_word' id='word_1_510' title='bbox 1864 2614 1899 2648; x_wconf 88' lang='lat' dir='ltr'>in</span> <span class='ocrx_word' id='word_1_511' title='bbox 1919 2614 2057 2648; x_wconf 84' lang='lat' dir='ltr'>eunctis</span> 
     </span>
     <span class='ocr_line' id='line_1_45' title="bbox 389 2673 2054 2722; baseline 0.002 -17"><span class='ocrx_word' id='word_1_512' title='bbox 389 2682 596 2720; x_wconf 59' lang='lat' dir='ltr'>sequentes,</span> <span class='ocrx_word' id='word_1_513' title='bbox 616 2673 652 2707; x_wconf 90' lang='lat' dir='ltr'>in</span> <span class='ocrx_word' id='word_1_514' title='bbox 674 2674 737 2707; x_wconf 89' lang='lat' dir='ltr'>hac</span> <span class='ocrx_word' id='word_1_515' title='bbox 759 2688 895 2722; x_wconf 74' lang='lat' dir='ltr'>quoquc</span> <span class='ocrx_word' id='word_1_516' title='bbox 918 2675 1092 2722; x_wconf 83' lang='lat' dir='ltr'>impietate</span> <span class='ocrx_word' id='word_1_517' title='bbox 1116 2676 1351 2710; x_wconf 81' lang='lat' dir='ltr'>adsectantur.</span> <span class='ocrx_word' id='word_1_518' title='bbox 1373 2675 1466 2710; x_wconf 65' lang='lat' dir='ltr'>Nam</span> <span class='ocrx_word' id='word_1_519' title='bbox 1483 2683 1618 2722; x_wconf 83' lang='lat' dir='ltr'>praeter</span> <span class='ocrx_word' id='word_1_520' title='bbox 1635 2674 1716 2708; x_wconf 84' lang='lat' dir='ltr'>alias</span> <span class='ocrx_word' id='word_1_521' title='bbox 1736 2674 1953 2722; x_wconf 79' lang='lat' dir='ltr'>impictatcS,</span> <span class='ocrx_word' id='word_1_522' title='bbox 1971 2675 2054 2709; x_wconf 88' lang='lat' dir='ltr'>haec</span> 
     </span>
     <span class='ocr_line' id='line_1_46' title="bbox 389 2733 1992 2785; baseline 0.002 -19"><span class='ocrx_word' id='word_1_523' title='bbox 389 2748 530 2782; x_wconf 72' lang='lat' dir='ltr'>quoquc</span> <span class='ocrx_word' id='word_1_524' title='bbox 553 2733 688 2781; x_wconf 79' lang='lat' dir='ltr'>grandis</span> <span class='ocrx_word' id='word_1_525' title='bbox 710 2734 847 2769; x_wconf 87' lang='lat' dir='ltr'>illorum</span> <span class='ocrx_word' id='word_1_526' title='bbox 868 2735 1098 2782; x_wconf 71' lang='lat' dir='ltr'>irreligiositas</span> <span class='ocrx_word' id='word_1_527' title='bbox 1122 2746 1167 2771; x_wconf 77' lang='lat' dir='ltr'>cst</span> <span class='ocrx_word' id='word_1_528' title='bbox 1184 2766 1191 2774; x_wconf 82' lang='grc'>,</span> <span class='ocrx_word' id='word_1_529' title='bbox 1214 2737 1307 2785; x_wconf 84' lang='lat' dir='ltr'>quod</span> <span class='ocrx_word' id='word_1_530' title='bbox 1329 2736 1370 2771; x_wconf 88' lang='lat' dir='ltr'>de</span> <span class='ocrx_word' id='word_1_531' title='bbox 1392 2735 1589 2782; x_wconf 81' lang='lat' dir='ltr'>ignorantia</span> <span class='ocrx_word' id='word_1_532' title='bbox 1615 2735 1795 2769; x_wconf 76' lang='lat' dir='ltr'>Christum</span> <span class='ocrx_word' id='word_1_533' title='bbox 1817 2743 1992 2770; x_wconf 86' lang='lat' dir='ltr'>accusant.</span> 
     </span>
     <span class='ocr_line' id='line_1_47' title="bbox 496 2793 2055 2844; baseline -0.001 -14"><span class='ocrx_word' id='word_1_534' title='bbox 496 2808 551 2843; x_wconf 79' lang='lat'>77.</span> <span class='ocrx_word' id='word_1_535' title='bbox 580 2793 684 2840; x_wconf 86' lang='lat' dir='ltr'>Quod</span> <span class='ocrx_word' id='word_1_536' title='bbox 707 2795 734 2829; x_wconf 90' lang='lat' dir='ltr'>si</span> <span class='ocrx_word' id='word_1_537' title='bbox 754 2795 878 2829; x_wconf 62' lang='lat' dir='ltr'>salvare</span> <span class='ocrx_word' id='word_1_538' title='bbox 901 2796 1034 2839; x_wconf 69' lang='lat' dir='ltr'>sciens,</span> <span class='ocrx_word' id='word_1_539' title='bbox 1056 2805 1171 2831; x_wconf 80' lang='lat' dir='ltr'>tamen</span> <span class='ocrx_word' id='word_1_540' title='bbox 1194 2797 1327 2840; x_wconf 88' lang='lat' dir='ltr'>noluit,</span> <span class='ocrx_word' id='word_1_541' title='bbox 1345 2796 1496 2831; x_wconf 81' lang='lat' dir='ltr'>invidiae</span> <span class='ocrx_word' id='word_1_542' title='bbox 1520 2795 1583 2844; x_wconf 87' lang='lat' dir='ltr'>ipsi</span> <span class='ocrx_word' id='word_1_543' title='bbox 1609 2795 1804 2844; x_wconf 83' lang='lat' dir='ltr'>passionem</span> <span class='ocrx_word' id='word_1_544' title='bbox 1825 2796 2055 2844; x_wconf 73' lang='lat' dir='ltr'>adspergunt,</span> 
     </span>
    </p>
   </div>
   <div class='ocr_carea' id='block_1_9' title="bbox 393 2855 2054 2905">
    <p class='ocr_par' dir='ltr' id='par_1_10' title="bbox 393 2855 2054 2905">
     <span class='ocr_line' id='line_1_48' title="bbox 393 2855 2054 2905; baseline 0.002 -19"><span class='ocrx_word' id='word_1_545' title='bbox 393 2855 484 2901; x_wconf 68' lang='lat' dir='ltr'>quod</span> <span class='ocrx_word' id='word_1_546' title='bbox 509 2855 624 2902; x_wconf 85' lang='lat' dir='ltr'>priore</span> <span class='ocrx_word' id='word_1_547' title='bbox 647 2855 766 2890; x_wconf 77' lang='lat' dir='ltr'>vitium</span> <span class='ocrx_word' id='word_1_548' title='bbox 794 2855 902 2890; x_wconf 83' lang='lat' dir='ltr'>inulto</span> <span class='ocrx_word' id='word_1_549' title='bbox 927 2864 972 2890; x_wconf 80' lang='lat' dir='ltr'>cst</span> <span class='ocrx_word' id='word_1_550' title='bbox 997 2857 1159 2892; x_wconf 76' lang='lat' dir='ltr'>atrocius.</span> <span class='ocrx_word' id='word_1_551' title='bbox 1189 2857 1373 2903; x_wconf 84' lang='lat' dir='ltr'>Quomodo</span> <span class='ocrx_word' id='word_1_552' title='bbox 1396 2857 1478 2891; x_wconf 89' lang='lat' dir='ltr'>item</span> <span class='ocrx_word' id='word_1_553' title='bbox 1502 2856 1598 2891; x_wconf 76' lang='lat' dir='ltr'>Ucus</span> <span class='ocrx_word' id='word_1_554' title='bbox 1629 2864 1698 2899; x_wconf 73' lang='lat' dir='ltr'>est,</span> <span class='ocrx_word' id='word_1_555' title='bbox 1721 2857 1748 2891; x_wconf 88' lang='lat' dir='ltr'>si</span> <span class='ocrx_word' id='word_1_556' title='bbox 1775 2857 1859 2905; x_wconf 81' lang='lat' dir='ltr'>quid</span> <span class='ocrx_word' id='word_1_557' title='bbox 1879 2857 2054 2905; x_wconf 66' lang='lat' dir='ltr'>patiatur}¹</span> 
     </span>
    </p>
   </div>
  </div>
 </body>
</html>
