2203 3331
728 149 791 179 ‘pao
817 155 945 179 saxeus
971 155 1170 178 mmmmm-s.
1725 147 1790 181 173

111 210 164 251 ‘ibi
182 212 431 263 promissiones
453 210 725 257 observavimus3
743 211 803 245 sed
824 211 859 244 in
884 210 1018 245 cunctis
1038 209 1313 257 praevaricantes
1335 211 1587 254 exerravimus,
1607 219 1639 245 et
1658 225 1674 244 a
1695 220 1788 246 recta

112 276 235 311 'semita
263 271 538 314 declinavimus,
562 280 596 306 et
623 272 789 318 ambiguo
818 272 952 313 animo,
974 279 1076 318 atque
1106 270 1141 303 in
1163 270 1325 304 omnibus
1354 272 1417 306 viis
1440 272 1569 306 nostris
1592 272 1790 306 inconstan-

111 344 187 378 tes,
211 334 339 370 similes
360 333 529 367 evasimus
552 332 637 366 inari
657 332 827 380 procellae
848 331 1077 379 perflantibus
1098 330 1212 365 ventis
1233 330 1371 366 iactato.
1400 331 1453 366 Ita
1475 333 1570 366 enim
1593 341 1789 380 comparata

112 405 166 431 est
195 393 450 430 incredulitatis
478 393 679 441 perversitas
694 421 701 434 ,
724 400 763 427 ut
782 392 872 427 nihil
893 391 1016 426 stabile
1038 391 1248 438 firmumque
1270 390 1413 433 habeat,
1436 400 1475 425 ut
1496 405 1634 440 semper
1660 392 1788 434 variet,

115 465 215 504 atque
236 455 298 489 hae
322 454 401 489 illac
422 454 549 501 agitata
570 461 732 488 mutetur.
760 452 878 501 Atque
901 460 939 486 ut
959 453 1157 486 summatim
1185 451 1342 485 dicamus
1357 480 1364 493 ,
1385 452 1469 486 dum
1494 453 1696 487 hominibus
1723 453 1790 500 pla—

116 530 196 551 cere
224 515 428 556 studemus,
449 528 467 548 a
488 513 559 549 Dei
585 513 753 549 famulatu
783 511 998 557 excidimusg
1022 524 1150 559 nempe
1173 525 1261 559 quae
1289 525 1404 559 neque
1431 512 1583 558 cogitare
1605 527 1717 561 neque
1740 513 1790 547 di-

113 590 193 611 cere
218 576 319 619 licet,
338 575 518 609 adfirmare
539 574 610 610 ausi
633 586 772 615 sumus,
792 572 895 607 Pauli
919 571 1116 606 sententiae
1137 573 1154 591 ᾖ
1175 580 1294 606 mente
1317 579 1351 605 ct
1373 585 1474 618 opere
1497 573 1788 608 contradicentes.

113 635 187 670 Iam
206 649 284 670 vero
313 648 469 684 aequum
496 642 587 669 esset
615 642 648 668 et
678 641 972 674 consectaneum,
994 631 1258 679 impendentem
1280 646 1297 665 a
1321 630 1396 665 Deo
1418 631 1638 679 blasphemiis
1659 634 1788 668 nostris

111 696 303 730 vindictam
327 695 564 743 praevidentes
578 722 586 736 ,
607 693 694 728 haec
716 692 862 740 insuper
883 691 1028 727 addere:
1049 706 1177 740 nempe
1200 692 1293 741 quod
1318 692 1520 739 septuplum
1540 693 1624 726 ultio
1647 693 1788 728 dabitur

110 756 154 790 de
179 756 313 798 Caino,
336 755 379 790 de
408 754 581 789 Lamecho
602 762 722 788 autem
749 752 942 801 septuagies
964 753 1111 800 septies,
1134 752 1188 787 uti
1209 753 1380 800 scriptum
1407 761 1455 786 cst
1477 754 1503 788 ῃ,
1529 781 1551 794 .,
1575 752 1652 797 Qua
1682 754 1718 788 in
1739 754 1789 788 di-

111 816 228 850 ctione
252 816 368 850 nescio
397 814 481 862 quid
504 813 694 848 desiderari
715 813 889 861 quispiam
912 812 1161 855 considerans,
1182 826 1253 846 non
1282 812 1457 846 immerito
1487 812 1623 846 diceret
1647 815 1787 849 sortasse

110 876 283 918 indicari,
306 876 378 910 sore
407 883 444 909 ut
471 874 533 922 qui
562 873 742 922 peccando
772 873 1035 921 progrediatur,
1058 873 1223 908 maiorem
1245 886 1379 921 poenae
1402 886 1602 908 mensuram
1629 874 1671 907 sit
1696 888 1789 909 recc-

109 945 239 984 pturus.
267 936 359 970 'Nam
382 934 518 969 Cainus
547 934 598 968 rei
626 934 799 982 imperitia
821 934 938 977 rudis,
961 942 992 968 et
1021 934 1101 968 mali
1129 934 1357 980 coargutione
1387 933 1545 968 nondum
1568 933 1787 977 admonitus,

109 996 304 1043 ignorantia
333 995 448 1030 adhuc
476 995 671 1037 laborabat,
695 1007 762 1029 nec
783 994 965 1042 parricidii
993 994 1073 1029 satis
1101 995 1238 1028 facinus
1258 994 1312 1028 vel
1335 1008 1397 1042 pro
1427 994 1476 1028 rei
1502 994 1663 1040 gravitate
1685 1009 1787 1041 agno-

105 1057 242 1098 scebat,
266 1064 408 1104 peccato
434 1064 508 1089 tum
536 1055 690 1103 primum
713 1054 822 1090 veluti
844 1055 879 1089 in
902 1055 1035 1089 foribus
1058 1063 1256 1103 apparente.
1284 1054 1421 1089 Verum
1440 1055 1534 1103 quod
1558 1056 1787 1090 subsecutum

106 1125 160 1150 ‘est
180 1116 431 1158 homicidium,
451 1115 580 1149 maiore
603 1124 708 1163 atque
731 1115 867 1150 infinita
887 1129 1018 1163 poenae
1039 1115 1192 1150 vindicta
1214 1115 1399 1150 multatum
1419 1115 1503 1158 fuit,
1523 1116 1605 1163 quia
1628 1125 1705 1163 post
1728 1130 1786 1149 no-

106 1177 219 1211 titiam
247 1177 387 1224 pcccari
414 1189 539 1210 ausum
567 1184 628 1210 est.
656 1174 740 1210 Eius
770 1176 820 1210 rei
849 1175 986 1223 insigne
1016 1176 1213 1224 exemplum
1242 1175 1352 1210 oculis
1381 1185 1453 1210 erat
1482 1176 1720 1224 propositum,
1751 1185 1785 1210 et

104 1237 223 1272 divino
251 1238 394 1272 decreto
418 1238 613 1278 firmatum,
636 1236 775 1283 signum
795 1236 957 1271 videlicet
979 1251 997 1271 a
1018 1235 1095 1271 Deo
1118 1237 1329 1284 impressum
1343 1265 1351 1279 ,
1374 1251 1418 1271 ne
1440 1237 1516 1284 quis
1546 1250 1627 1271 eum
1649 1236 1784 1271 occide-

107 1306 158 1332 ret
181 1298 241 1346 qui
265 1297 438 1331 sententia
463 1298 573 1331 suerat
598 1296 804 1339 damnatus»,
831 1297 890 1331 sed
915 1310 1066 1331 amaram
1090 1297 1205 1345 potius
1230 1297 1336 1331 vitam
1362 1297 1590 1345 protraheret.

206 1358 308 1392 Paria
336 1357 506 1405 quaedam
533 1366 650 1391 nostra
677 1371 818 1405 quoque
841 1366 951 1392 aetate
982 1357 1167 1404 contigisse
1195 1357 1362 1393 videmus.
1392 1357 1484 1392 Nam
1507 1358 1604 1392 hunc
1627 1370 1782 1392 errorem

102 1418 195 1466 apud
212 1418 360 1452 maiores
383 1418 488 1452 etiam
508 1426 641 1452 nostros
662 1417 850 1466 aliquando
869 1427 1057 1465 grassatum
1075 1419 1306 1467 comperimus
1329 1420 1391 1466 (1)
1409 1417 1659 1453 Verumtamen
1678 1417 1782 1465 paulo

102 1479 213 1514 levius
233 1479 375 1514 illorum
396 1487 584 1527 peccatum
606 1479 691 1521 fuit,
713 1478 916 1527 veniamque
939 1479 1044 1514 etiam
1065 1493 1083 1514 a
1104 1478 1182 1514 Deo
1204 1480 1346 1514 sortasse
1375 1493 1512 1527 sperare
1536 1487 1714 1526 poterant,
1736 1487 1783 1512 at-

100 1553 169 1587 que
197 1539 311 1587 aliqua
332 1539 399 1573 etsi
421 1539 513 1573 haud
534 1539 631 1573 valde
654 1539 840 1587 probabilis
869 1540 1044 1587 apologiae
1066 1540 1153 1574 ratio
1176 1548 1374 1587 supererat,
1397 1539 1490 1587 quod
1513 1539 1674 1573 nondum
1700 1538 1782 1573 satis

100 1601 165 1634 sihi
194 1600 412 1648 exploratum
433 1599 720 1646 intellectumque
744 1608 833 1634 esset
855 1600 1023 1634 ecclesiae
1044 1600 1166 1646 dogma
1189 1609 1294 1648 atque
1317 1600 1501 1635 sententia.
1528 1598 1633 1644 Quod
1656 1599 1782 1633 deinde

101 1660 239 1702 evenit,
262 1673 376 1707 neque
405 1658 499 1693 enim
526 1658 733 1705 negabimus
749 1686 756 1700 ,
778 1658 948 1706 nobisque
978 1659 1063 1706 ipsis
1085 1658 1283 1693 viventibus
1309 1660 1492 1693 manifeste
1519 1668 1699 1707 peractum
1726 1660 1782 1693 de-

101 1719 348 1769 prehenditur:
367 1718 451 1767 quia
470 1732 541 1753 non
561 1718 724 1765 privatim
746 1718 783 1752 in
805 1727 938 1753 secreta
957 1718 1071 1766 aliqua
1089 1718 1141 1753 vel
1163 1719 1286 1766 exigua
1307 1719 1399 1753 orbis
1421 1728 1537 1767 parte,
1557 1719 1615 1753 sed
1639 1720 1781 1768 publice

101 1790 136 1816 et
163 1781 201 1816 in
229 1780 344 1815 medio
374 1779 625 1827 communique
653 1780 789 1814 theatro
818 1780 1025 1827 angelorum
1054 1789 1089 1815 et
1116 1780 1299 1815 hominum
1327 1781 1578 1828 omniumque,
1607 1789 1780 1829 quotquot

97 1850 181 1877 sunt
207 1841 394 1876 rationales
416 1848 450 1874 et
471 1853 577 1874 sensu
607 1840 809 1888 praeditae,
833 1848 1094 1883 creaturarum,
1119 1854 1306 1888 coramque
1329 1840 1406 1876 Deo
1428 1850 1556 1876 cuncta
1580 1854 1688 1875 manu
1716 1855 1779 1876 sua

98 1911 263 1944 tenente,
285 1901 428 1936 vidente
456 1909 559 1948 atque
581 1908 783 1948 spectante,
807 1914 844 1935 ea
865 1914 955 1948 quae
983 1901 1075 1949 apud
1103 1914 1166 1935 nos
1195 1901 1295 1949 plane
1318 1901 1353 1935 in
1378 1902 1537 1936 confesso
1560 1910 1657 1936 erant
1672 1930 1679 1943 ,
1703 1902 1779 1936 abo-

99 1963 240 1997 levimus
271 1963 333 2010 (2).
362 1960 481 2007 Quam
502 1961 545 1995 ob
567 1974 639 1995 rem
661 1973 839 1995 summum
860 1961 958 1995 nobis
986 1961 1163 2009 impendet
1191 1961 1399 2003 discrimen,
1424 1970 1457 1996 ct
1481 1961 1622 2016 infinita
1646 1975 1776 2009 poena,

97 2023 179 2071 quia
199 2031 278 2071 post
297 2022 390 2056 illam
413 2029 544 2056 tantam
565 2020 869 2069 disquisitionem,
887 2030 919 2056 et
940 2021 1116 2056 ineffabile
1138 2035 1281 2056 examen
1294 2050 1301 2063 ,
1320 2022 1514 2056 infeliciter
1533 2022 1774 2070 peccavimus,

98 2084 258 2130 dogmate
277 2091 348 2117 tam
366 2081 546 2130 splendide
569 2081 637 2116 iam
658 2082 913 2130 perspicueque
935 2082 1042 2117 oculis
1063 2083 1188 2118 nostris
1210 2083 1402 2130 proposito:
1417 2083 1509 2131 quod
1531 2083 1675 2131 quidem
1695 2083 1776 2130 dog-

98 2157 153 2178 ma
172 2144 266 2191 apud
288 2142 476 2185 Nicaeam,
498 2156 586 2190 quae
608 2151 659 2177 est
688 2141 921 2190 Bithynorum
947 2141 1017 2176 Dei
1038 2151 1130 2177 recto
1159 2143 1256 2178 cultu
1278 2157 1413 2191 semper
1440 2143 1559 2178 innixa
1586 2144 1775 2192 triumpha·

97 2205 138 2240 lis
163 2204 456 2254 (Iit-metropolis,
477 2211 596 2238 sancte
624 2203 794 2238 adunatus
815 2218 833 2238 a
854 2203 930 2239 Deo
958 2204 1137 2240 secundus
1168 2213 1382 2247 conventus,
1406 2205 1474 2240 sive
1503 2220 1596 2240 sacra
1621 2215 1653 2240 et
1675 2220 1774 2241 oecu-

94 2327 170 2363 gitul·
189 2327 241 2354 hoc
257 2326 347 2355 titulo.
367 2327 457 2352 Φωτιόυ
474 2327 744 2356 Κωνσταντινοπόλεως.
761 2327 830 2357 Τίνος
845 2327 920 2362 χάριν
938 2326 1033 2354 τίθεται
1052 2329 1078 2353 τό
1095 2327 1165 2363 ἅγιον
1183 2322 1329 2363 εὐαγγέλιον
1347 2331 1377 2363 ⁷1¹3
1392 2331 1489 2364 κεφαλῇ
1505 2331 1548 2354 τοῦ
1559 2331 1775 2365 χειροτονημένου.

95 2375 143 2399 Ami
163 2374 186 2398 τί
202 2373 244 2399 ἐπί
262 2375 305 2403 τῆς
321 2374 431 2407 κεφαλῆς
453 2372 534 2407 ἔφερεν
551 2373 563 2398 ὁ
580 2373 657 2408 ἱερεύς
679 2373 776 2408 τιάραν.
793 2373 869 2408 φησι’;
885 2374 946 2399 διότι
963 2375 1003 2400 τόν
1020 2374 1237 2409 προχειριζόμενον
1256 2375 1366 2400 ἁπάντων
1387 2376 1507 2410 κεφαλήν.
1524 2377 1590 2401 κατά
1604 2378 1647 2406 τῆς
1664 2379 1774 2410 κεφαλῆς

94 2420 142 2444 ἔδει
163 2421 205 2447 τήν
225 2418 340 2451 ἐξουσίαν
360 2419 441 2453 ἔχειν,
458 2419 502 2444 καί
522 2418 611 2444 εἰδέναι
632 2418 669 2444 ὅτι
690 2420 786 2454 κεφαλή
807 2421 850 2444 τῶν
870 2419 950 2444 ἄλλων
971 2419 1188 2455 προβαλλόμενος,
1209 2421 1251 2445 καί
1270 2420 1345 2450 αὐτὸς
1366 2421 1413 2446 ὑπό
1434 2422 1542 2454 κεφαλήν
1562 2422 1616 2446 ἔστι
1637 2433 1676 2447 τον
1696 2425 1773 2449 κοινόν

95 2466 206 2491 ἁπάντων
227 2465 351 2492 δεσπότην
371 2465 414 2490 καί
435 2464 607 2496 {garamam-riv*
626 2463 801 2499 ἀπολελυμένη
822 2467 871 2500 γάρ
891 2464 1010 2491 ati-Senia
1029 2467 1070 2491 καὶ
1091 2466 1241 2500 αὐτόνομος,
1261 2466 1384 2500 ἀφόρητος
1404 2467 1457 2492 ἐστι
1479 2467 1521 2493 καὶ
1541 2468 1649 2502 χαλεπή
1667 2480 1688 2494 κ.
1709 2480 1729 2495 τ.
1748 2473 1772 2495 λ.

94 2508 190 2536 photii
206 2508 516 2544 constantinopolitani.
536 2510 597 2536 Cm·
610 2509 740 2535 sanctum
755 2508 931 2544 evanyelium
946 2511 1036 2544 capiti
1051 2511 1215 2545 imponatur
1229 2510 1368 2538 orclt'mztz'.
1390 2512 1450 2538 Cur
1465 2513 1574 2539 tiaram
1589 2513 1722 2540 sacerdos
1742 2515 1771 2539 ιή

96 2554 189 2587 capite
207 2553 342 2587 qerebat?
361 2554 436 2588 Quia
454 2561 518 2579 eum
535 2552 642 2587 aliquis
661 2555 693 2579 ut
709 2554 748 2579 sic
764 2555 852 2587 caput
869 2555 991 2580 omnium
1012 2554 1181 2587 ordinatur,
1197 2556 1308 2589 oportet
1320 2562 1411 2590 supra
1430 2558 1517 2590 caput
1532 2558 1592 2583 eius
1611 2556 1699 2583 aliam
1721 2565 1769 2583 erc-

95 2599 159 2623 tare
172 2599 359 2631 potestatem:
374 2599 406 2624 ut
419 2599 548 2632 quamvis
567 2599 627 2632 ipse
645 2599 733 2632 caput
749 2599 850 2624 ceteris
864 2599 1047 2632 praepositas
1062 2599 1113 2631 sit,
1129 2600 1241 2633 reputet
1257 2606 1286 2625 se
1300 2601 1425 2626 vicissim
1443 2601 1494 2627 sub
1511 2599 1569 2627 alio
1585 2603 1679 2636 capite
1697 2609 1768 2634 esse,

96 2641 215 2666 Domino
234 2641 366 2668 videlicet
382 2642 572 2668 universalem
587 2643 768 2676 potentatum
783 2641 912 2668 habente.
932 2643 1045 2668 Etenim
1061 2641 1191 2668 absoluta
1205 2644 1364 2670 auctoritas
1377 2651 1480 2678 suoque
1495 2644 1583 2671 libero
1598 2647 1660 2671 ivre
1674 2648 1767 2677 «utens,

91 2683 265 2717 permolesta
285 2687 327 2711 est
343 2687 372 2712 et
390 2685 572 2712 intoleranda
591 2687 642 2712 etc.

175 2730 211 2759 (1)
229 2729 332 2764 Nempe
349 2729 379 2756 in
397 2730 486 2764 priore
506 2729 647 2756 haereseos
665 2729 873 2756 iconoclasticae
892 2732 955 2756 actu
974 2728 1026 2756 sub
1045 2730 1166 2757 Isaurico
1185 2734 1211 2757 et
1229 2731 1411 2767 Copronymo.

176 2773 211 2802 (2)
228 2771 339 2798 Scilicet
356 2772 385 2799 in
402 2772 524 2800 seeundo
543 2777 606 2800 actu
622 2773 676 2800 §ub
695 2773 834 2800 Armenio.
855 2774 924 2800 Nam
944 2773 1004 2800 heic
1023 2773 1097 2809 loqui
1117 2774 1262 2809 finguntur
1279 2775 1398 2810 episcopi
1417 2776 1652 2811 praevaricatores.

175 2818 210 2847 (3)
230 2816 284 2843 Cur
302 2817 476 2852 triumphalis
494 2817 612 2845 Nicaea?
629 2817 703 2844 Nihil
723 2816 798 2844 aliud
818 2816 933 2844 sortasse
952 2825 1034 2852 quam
1054 2817 1178 2845 vocabuli
1198 2819 1392 2855 etymologiam
1411 2820 1580 2855 Nicephorus
1600 2819 1719 2853 respicit.

1827 589 1835 595 ·
1851 586 1901 608 Gal.
1917 587 1933 608 1.
1952 590 1980 607 ιικ

1826 772 1833 778 ·
1848 769 1906 791 Gen.
1920 769 1958 790 tv.
1975 772 2006 789 ε’..

1810 2220 1848 2242 Gr.
1863 2227 1885 2248 p,
1901 2228 1934 2243 51).
