2203 3331
658 177 721 201 Pno
747 176 875 201 saxeus
901 173 1102 199 nimcmnrs.
1656 154 1726 197 229

42 262 67 283 t„
93 237 190 288 quod
212 238 250 273 in
271 244 454 272 aeternum
474 247 547 268 non
569 233 821 281 dissipabitur3
845 245 1065 280 regnumque
1089 229 1165 264 eius
1187 229 1282 264 alteri
1304 230 1431 278 populo
1456 244 1530 265 non
1551 229 1727 278 relinque-

42 329 67 345 „
97 310 162 336 tur.
189 299 236 335 Et
259 296 473 334 comminuet
499 297 703 343 frangetque
727 295 844 329 omnia
866 307 992 341 regna,
1016 301 1052 327 et
1076 292 1191 339 ipsum
1218 291 1251 324 in
1274 300 1457 326 aeternnm
1479 291 1655 340 perstabit.
1680 290 1728 326 Et

43 390 67 405 ξ,
95 370 217 410 postea
240 361 268 394 ᾗ.
291 357 469 393 Videbam
490 357 525 391 in
552 356 684 391 visione
706 355 843 393 noctis,
867 363 901 389 et
922 368 1003 389 ecce
1025 353 1063 387 in
1090 352 1246 386 nubibus
1276 352 1360 386 caeli
1388 354 1532 387 veniens
1561 353 1727 402 quidam,
1763 362 1774 375 ⁸
1791 361 1847 383 Dan.
1863 360 1911 382 vil.
1930 363 1952 382 is

44 451 67 465 ‚‚
95 423 157 471 qui
186 434 298 469 usque
329 419 372 454 ad
400 418 588 466 antiquum
615 417 758 452 dierum
785 415 963 464 pervenit,
991 422 1025 449 et
1055 426 1171 448 coram
1200 412 1334 447 oblatus
1367 422 1438 456 est,
1468 422 1503 448 et
1530 413 1599 462 ipsi
1627 414 1743 464 datus⁴

44 512 67 526 „
96 491 147 518 est
168 481 385 531 principatus
400 509 407 522 ‚
432 488 464 514 et
486 480 620 521 honor,
643 487 675 513 et
696 490 867 524 regnum3
894 484 927 511 et
950 488 1069 510 omnes
1092 473 1230 522 populi‚
1256 473 1367 507 trihus
1382 502 1389 512 ,
1412 474 1553 521 linguae
1578 475 1641 522 ipsi
1663 489 1730 509 ser-

44 572 68 587 „
94 543 202 578 vient.
223 541 391 577 Potentia
414 540 491 575 eius
513 539 669 589 potentia
692 545 855 581 acterna‚
873 551 963 585 quae
984 549 1057 571 non
1078 534 1308 583 praeteribi&
1334 543 1367 568 et
1387 549 1536 582 regnum
1559 536 1634 570 eius
1657 549 1730 570 non

43 633 68 647 „
96 604 314 639 destruetur.
340 631 364 645 ‚‚

143 663 189 699 Et
209 665 293 699 haec
316 663 460 713 quidem
481 662 659 710 propheta.
681 659 816 695 Horum
837 672 918 693 vero
941 656 1235 692 detestandorum
1251 655 1387 704 qualia?
1409 654 1571 691 Primum
1589 655 1733 705 quidem

40 724 219 760 mendacii
247 725 443 760 traducunt
465 723 575 757 divini
600 721 754 769 Spiritus
784 719 933 755 oracula.
961 717 1103 753 Deinde
1131 725 1266 766 patrem
1295 730 1438 765 quoque
1460 715 1579 751 Deum
1602 718 1638 751 in
1659 731 1735 765 pro-

42 786 128 834 priis
157 786 322 834 operibus
345 783 492 820 scientia
514 797 552 817 ac
576 781 793 831 praevisione
822 780 1030 815 destitutum
1052 778 1244 814 inducunt.
1273 777 1424 825 Insuper
1452 776 1640 824 Unigeniti
1662 791 1735 825 reg-

40 860 132 881 num
159 846 372 881 dissolutum
399 845 519 887 aiunt,
551 858 615 878 ccu
645 843 743 892 quod
773 849 990 890 perpetuum
1017 854 1159 875 manere
1188 853 1261 874 non
1291 839 1466 887 potuerit3
1494 839 1589 887 quod
1617 853 1661 873 ne
1691 840 1734 874 ab

42 907 146 942 initio
169 907 313 956 quidem
335 906 400 954 ipsi
423 905 590 940 traditum
610 904 742 947 fuerit,
766 917 882 952 neque
904 903 977 952 ipse
1001 916 1020 937 a
1040 901 1170 948 linguis
1192 915 1232 936 ac
1252 901 1415 935 tribubus
1443 900 1605 935 adoratus
1626 901 1733 935 fuerit
1770 909 1809 933 Gr.
1825 917 1847 938 p.
1863 915 1896 933 ¹30.

43 968 181 1017 ipsique
202 967 391 1009 servitum,
413 980 526 1014 neque
549 965 719 1014 populum
744 963 942 1013 possederit
964 972 1114 1011 tyranno
1135 961 1248 1010 priori
1272 970 1452 1009 ereptum,
1475 969 1578 1009 atque
1601 969 1640 995 ut
1661 961 1736 995 bre-

41 1028 129 1063 viter
151 1028 286 1070 dicam,
311 1027 489 1062 contraria
511 1027 630 1062 onmia
650 1026 839 1074 prophetae
864 1032 1023 1060 censent.
1047 1022 1142 1058 Haec
1165 1023 1280 1058 omnia
1301 1023 1422 1071 paucis
1447 1022 1559 1057 verbis
1582 1036 1736 1072 compre-

41 1089 258 1131 hendentes,
280 1088 466 1123 maximam
492 1087 742 1136 blasphemiam
769 1086 931 1121 adversus
954 1085 1108 1120 divinam
1133 1084 1279 1132 gloriam
1306 1084 1575 1126 instruxerunt,
1598 1083 1737 1118 idolola-

42 1150 149 1184 triam
172 1150 275 1198 impie
297 1163 337 1184 ac
361 1149 508 1184 sceleste
534 1148 818 1183 Christianorum
839 1147 1042 1194 religionem
1064 1145 1236 1194 appellare
1261 1145 1454 1188 audentes,
1475 1145 1639 1194 hancque
1665 1145 1738 1193 opi-

43 1210 193 1245 nionem
219 1211 284 1245 sibi
307 1219 340 1245 et
361 1209 436 1244 aliis
458 1210 716 1245 contrahentes.
747 1208 847 1254 Quid
870 1208 909 1242 ni
933 1221 1015 1242 vero
1039 1207 1303 1242 cohorruerunt
1323 1214 1427 1254 atque
1450 1206 1566 1240 animo
1589 1206 1736 1241 attonito

43 1271 213 1314 suerunt,
235 1270 321 1305 dum
341 1270 393 1304 his
414 1278 485 1304 tam
505 1270 699 1304 manifestis
720 1277 755 1304 et
776 1269 932 1303 indubiis
962 1276 1092 1303 temere
1116 1280 1190 1302 sese
1213 1267 1459 1316 opponerent?
1484 1266 1545 1315 qui
1566 1279 1647 1301 sane
1677 1267 1738 1301 im-

43 1331 205 1378 pudente
234 1331 321 1366 facie
351 1338 384 1365 ct
413 1344 516 1365 caeco
543 1329 646 1365 corde
675 1337 890 1378 perstantes,
914 1337 1037 1364 contra
1060 1327 1256 1363 Servatoris
1279 1327 1422 1374 gloriam
1444 1335 1551 1362 semet
1571 1327 1739 1362 audacter

46 1392 260 1426 extulerunt.
290 1390 361 1426 Sed
383 1392 564 1426 undenam
591 1391 676 1439 ipsis
704 1405 766 1439 pro
794 1391 861 1425 hoc
889 1389 968 1425 Deo
998 1388 1121 1424 odibili
1143 1389 1366 1437 absurdoque
1395 1388 1555 1436 dogmate
1584 1389 1739 1425 fiducia?

44 1451 136 1487 Nam
164 1453 192 1487 si
214 1452 420 1500 simpliciter
440 1452 684 1501 principatum
705 1465 745 1486 ac
768 1464 916 1498 regnum
940 1450 1146 1485 universalis
1168 1449 1237 1484 Dei
1259 1450 1487 1497 propheticus
1516 1463 1629 1484 sermo
1658 1450 1739 1484 fuis-

47 1521 99 1548 set
119 1514 332 1549 vaticinatus
356 1513 431 1548 sine
454 1513 626 1562 peculiari
652 1512 882 1555 definitione,
904 1512 1131 1559 insurgerent
1153 1526 1237 1546 sane
1263 1511 1415 1546 ferocius
1439 1519 1541 1559 atquc
1569 1511 1739 1546 audacius

46 1583 167 1609 eontra
187 1583 367 1609 rectorum
388 1574 568 1621 religionis
590 1574 790 1621 dogmatum
812 1581 1022 1615 sectatores,
1046 1573 1181 1607 curiosa
1204 1572 1407 1619 garrulitate
1428 1573 1618 1607 vanitatem
1641 1581 1674 1607 et
1696 1574 1741 1606 sa-

47 1635 208 1670 mitatem
231 1648 438 1671 sermonum
458 1648 605 1670 suorum
626 1642 889 1682 exaggerantesg
914 1648 954 1669 ae
975 1633 1085 1669 veluti
1109 1633 1133 1668 ii
1156 1633 1219 1682 qui
1241 1634 1278 1668 in
1299 1633 1467 1681 praedam
1494 1633 1671 1676 involant,
1693 1633 1741 1667 di-

46 1704 185 1731 ctorum
201 1696 392 1732 verborum
411 1696 668 1744 simplicitatem
685 1704 921 1744 occupantes,
938 1695 1149 1730 demensum
1164 1709 1203 1729 ac
1221 1694 1412 1729 limitatum
1433 1693 1570 1729 Christo
1588 1708 1741 1741 regnum

46 1756 298 1803 adsignassent.
328 1756 400 1792 Sed
426 1757 521 1792 enim
542 1757 625 1805 quia
653 1771 763 1804 regno
792 1757 951 1791 additum
974 1764 1025 1790 est
1046 1756 1243 1804 epithetum
1268 1764 1453 1791 aeternum
1474 1764 1508 1790 et
1530 1755 1742 1803 incorrupti-

46 1817 136 1860 hile,
160 1827 195 1853 et
222 1818 319 1867 quod
346 1832 421 1854 non
443 1819 487 1853 sit
508 1818 774 1864 transitoriumg
799 1818 883 1866 quid
912 1817 949 1852 ni
977 1818 1047 1852 iam
1073 1817 1277 1865 imponetur
1299 1817 1507 1866 loquacitati
1535 1830 1658 1851 eorum
1678 1818 1742 1851 fre—

46 1891 157 1921 num,
178 1887 219 1913 ut
239 1880 443 1914 obstruatur
465 1892 568 1914 omne
592 1893 628 1913 os
650 1879 814 1913 adversus
834 1892 952 1926 regem
974 1878 1197 1913 saeculorum
1219 1877 1343 1926 iniqua
1363 1878 1538 1926 loquens?
1564 1877 1658 1912 Nam
1678 1877 1741 1926 qui

48 1947 173 1986 regnat
194 1954 212 1974 a
233 1940 373 1975 saeculo
396 1949 430 1975 et
452 1940 488 1975 in
510 1940 693 1975 saeculum
716 1948 748 1974 et
768 1940 884 1982 ultra,
906 1952 1105 1987 numquam
1133 1953 1214 1974 sane
1243 1939 1448 1987 principatu
1477 1939 1655 1987 gloriaque
1679 1953 1742 1973 sua

46 2001 276 2047 spoliabitur,
298 2015 416 2050 neque
444 2002 593 2049 populus
616 2002 648 2036 ei
669 2001 851 2036 subiectus
882 2001 1028 2049 eiusque
1056 2001 1184 2036 notitia
1211 2001 1391 2043 imbutus3
1413 2001 1487 2047 regi
1508 2000 1605 2035 alteri
1633 2008 1743 2035 semet

30 2086 32 2088 -
50 2060 200 2096 addicet.
222 2061 350 2109 Neque
374 2062 470 2096 enim
491 2062 616 2097 melior
630 2091 637 2105 ,
661 2062 721 2097 cui
742 2061 971 2104 adhaereant,
995 2062 1132 2109 uspiam
1155 2070 1206 2096 cst
1226 2061 1281 2096 vel
1302 2062 1449 2096 omnino
1473 2062 1548 2096 erit.
1571 2060 1664 2108 Ergo
1685 2075 1744 2096 ne-

52 2136 121 2170 que
150 2121 219 2156 nlla
248 2123 432 2169 tyrannide
462 2137 644 2171 oppressus
666 2123 756 2165 fuit,
778 2137 895 2171 neque
917 2122 1080 2171 direptus
1095 2151 1102 2165 ‚
1124 2136 1241 2171 neque
1269 2131 1439 2170 potestate
1462 2122 1631 2158 deiectus.
1659 2121 1745 2157 Pro-

51 2190 173 2230 pterea
195 2197 260 2218 nec
284 2183 469 2231 quisquam
489 2184 527 2218 in
549 2184 626 2218 eius
646 2184 778 2218 ditione
802 2184 932 2230 degens
946 2212 954 2226 ,
976 2184 1019 2218 ad
1041 2184 1133 2218 idola
1161 2183 1320 2226 accedit,
1342 2192 1403 2218 aut
1426 2183 1593 2218 daemoni
1615 2183 1743 2231 primas

51 2244 222 2280 attribuit.
251 2244 344 2279 Nam
365 2244 485 2280 Deum
507 2245 764 2294 dominumque
788 2245 951 2280 omnium
972 2259 1089 2280 rerum
1113 2244 1297 2280 Christum
1321 2254 1534 2280 servatorem
1561 2246 1742 2293 agnoscit,

53 2318 208 2353 eumque
237 2315 427 2340 veneratur
450 2308 476 2342 *ἦ
506 2313 529 2327 “
559 2306 632 2354 Ipsi
662 2307 755 2341 enim
784 2306 942 2341 flectitur
971 2320 1073 2341 omne
1105 2320 1198 2353 genu
1229 2307 1437 2342 caelestium
1464 2307 1682 2342 terrestrium
1712 2316 1744 2342 et
1779 2320 1887 2348 ’Pham
1903 2320 1930 2341 11.
1946 2324 1976 2341 ιι».

55 2393 79 2408 a>
107 2367 353 2413 infernorum,
377 2376 411 2401 ct
439 2367 554 2402 omnis
582 2367 703 2414 lingua
733 2369 922 2403 confitetur
949 2368 1046 2416 quod
1075 2367 1242 2402 dominus
1270 2367 1369 2403 Iesus
1397 2367 1556 2403 Christus
1580 2368 1617 2403 in
1641 2368 1746 2415 gloria

56 2455 80 2469 „
108 2435 159 2461 est
180 2426 247 2461 Dei
271 2428 378 2475 patris
393 2457 401 2469 ‚
425 2442 536 2463 amen.
561 2457 584 2471 es
605 2427 699 2463 Hinc
722 2428 829 2463 etiam
850 2430 889 2463 fit
911 2443 993 2476 ergo
1016 2429 1234 2477 exploratum
1258 2428 1545 2464 Christomachos
1569 2430 1744 2465 contrario

53 2487 175 2535 spiritu
201 2489 334 2524 afflatos
364 2489 448 2532 sari}
474 2490 557 2538 quia
587 2490 764 2524 contraria
792 2490 928 2525 scilicet
952 2499 986 2525 et
1010 2489 1244 2538 repugnantia
1271 2490 1381 2525 divini
1410 2489 1563 2539 Spiritus
1592 2491 1744 2527 oraculis

55 2547 283 2596 eloquuntur.

161 2608 218 2657 59.
247 2609 340 2645 Illud
366 2618 510 2660 quoque
537 2612 768 2647 considerent
791 2621 1042 2655 contumaces,
1064 2626 1198 2647 nomen
1220 2619 1243 2634 ‘⁶
1267 2626 1326 2648 rex
1350 2641 1372 2656 „
1394 2627 1466 2648 non
1488 2627 1560 2648 esse
1581 2613 1624 2648 de
1649 2627 1747 2647 voca-

56 2668 222 2704 bulorum
242 2685 390 2707 numero
412 2686 500 2720 quae
523 2673 678 2708 absolute
702 2682 734 2708 et
756 2673 832 2708 laxo
854 2688 958 2709 sensu
979 2674 1171 2717 dicuntur,
1196 2674 1256 2709 sed
1278 2674 1321 2709 ad
1343 2674 1521 2723 peculiare
1542 2674 1675 2722 aliquid
1696 2688 1745 2708 re-

55 2729 163 2771 16111,
187 2738 220 2764 ct
243 2744 322 2765 cum
343 2733 513 2768 relatione
536 2734 696 2781 spectari.
720 2733 803 2768 Non
827 2735 922 2769 enim
941 2735 1150 2782 intelligitur
1171 2748 1232 2770 rex
1254 2735 1332 2770 sine
1354 2744 1498 2782 regnato
1519 2734 1666 2783 populo,
1687 2747 1747 2768 ne-

57 2804 127 2837 que
152 2805 290 2838 praeses
311 2792 384 2828 sine
406 2795 634 2842 praefectura.
656 2795 809 2830 Necesse
833 2796 961 2844 quippe
985 2805 1057 2839 est,
1078 2796 1249 2831 alterutro
1273 2810 1312 2831 ex
1334 2797 1386 2831 his
1406 2796 1583 2832 vocabulis
1607 2795 1723 2843 posito
1737 2823 1744 2837 ,

59 2852 310 2899 comprehendi
338 2862 371 2888 et
397 2854 568 2902 alterum;
593 2870 663 2905 quo
691 2865 893 2905 perempto,
914 2856 1011 2893 aliud
1038 2856 1142 2892 simul
1169 2857 1270 2906 perit.
1298 2857 1459 2906 Namque
1487 2857 1574 2891 haec
1599 2854 1745 2890 nomina
