2203 3331
177 736 215 757 cr.
230 740 252 761 p,
269 737 312 755 115.

106 1649 112 1656 '
125 1646 191 1667 tuat.
201 1646 255 1667 XXX«
264 1662 268 1666 .
278 1649 306 1666 tu.

106 2252 114 2260 ’
126 2250 193 2270 Ρζκωιὶ.
202 2250 270 2270 ΧΧΥ,
280 2253 309 2270 Γ]Α

179 2741 200 2755 Ιι
229 2746 249 2763 μ.
270 2742 311 2758 tir..

353 179 375 210 2
384 177 393 191 '
403 179 423 210 2
945 187 974 210 s.
1001 188 1173 211 memnoni
1198 187 1433 210 APOLOGssrtccs

354 243 488 289 lamque
516 241 643 274 babent
668 240 957 288 appellationem,
981 244 1147 292 nullaque
1171 243 1433 278 consecratione
1462 250 1518 277 aut
1540 242 1686 277 seientia
1714 243 1850 286 aliisve,
1872 258 1958 292 quae
1979 245 2028 281 di-

354 310 425 336 etae
448 309 549 338 suut,
568 301 707 335 dotibus
729 301 869 349 pollent.
894 302 1044 352 Insuper
1067 304 1133 346 illi,
1151 318 1330 352 supremae
1353 303 1531 351 potestatis
1552 303 1720 350 imagines
1743 314 1842 347 sunt,
1865 319 2028 341 arcanam

355 370 384 395 et
416 361 626 395 invisibilem
649 361 764 396 lucem
787 362 821 396 in
845 376 880 398 se
903 363 1200 406 demonstrantes,
1223 373 1255 398 et
1283 363 1421 398 divinae
1444 363 1492 397 illi
1514 363 1627 411 quoad
1652 364 1726 398 fieri
1753 373 1868 412 potest
1896 365 2029 401 assimi-

354 422 408 455 lati
427 450 434 457 ,
465 430 644 469 totumque
675 421 787 456 divini
816 423 958 470 fulgoris
986 425 1123 459 radium
1152 425 1236 459 inire
1270 425 1303 458 in
1335 438 1371 458 se
1402 423 1630 471 recipientes:
1658 424 1766 473 idque
1796 425 1884 460 fiunt
1911 439 2030 461 conse-

352 491 502 529 quenter
524 496 584 529 per
606 481 856 526 imitationem,
878 485 971 532 qnod
995 485 1050 519 ille
1076 494 1123 520 est
1146 485 1381 533 principaliter
1410 493 1513 532 atque
1543 484 1775 519 essentialiter
1795 486 1856 533 qui
1877 500 2030 521 eommu-

354 542 464 577 nieat:
489 542 655 577 nimirum
677 552 759 577 sunt
781 544 913 579 lumina
936 545 1108 587 secunda,
1132 545 1313 579 bominum
1335 544 1591 587 amantissima,
1615 544 1745 592 speciei
1767 545 1938 593 optimae,
1960 546 2030 594 pri-

351 603 475 636 mariae
503 602 592 637 lucis
621 603 821 651 splendores
842 605 919 652 puri
942 605 1173 648 immaculati,
1196 606 1460 640 similitudinem
1484 619 1565 639 eum
1588 605 1697 653 prima
1724 605 2029 653 splendentissima

350 663 465 710 speeie
495 664 629 710 egregie
653 678 730 712 prae
756 679 789 697 se
813 666 974 700 serentes.
1008 665 1048 700 Et
1077 666 1220 714 quidem
1244 666 1349 701 etiam
1374 674 1589 712 agnoscunt,
1612 680 1645 700 se
1669 679 1739 700 non
1764 679 1824 700 sua
1845 666 1957 701 solum
1979 667 2029 700 in-

351 723 582 766 totteciualia‚
606 738 723 759 verum
752 725 854 759 etiam
882 725 1057 760 sensibilia
1087 726 1147 760 etsi
1177 740 1248 761 non
1279 726 1489 760 sensibiliter
1519 726 1841 774 comprehendere,
1864 740 1924 774 pro
1951 727 2029 761 hae-

349 793 448 818 rente
478 784 542 818 sibi
571 785 709 819 (livinae
731 785 870 819 virtutis
893 786 1060 829 scientia,
1082 786 1360 821 immaterialiter
1387 796 1419 821 et
1446 786 1729 822 intellectualiter
1756 787 1861 821 rebus
1890 787 2027 833 agnitis.

350 844 392 878 At
419 845 452 879 lii
476 859 514 880 ex
544 860 627 880 auro
657 846 762 888 faeti,
787 846 956 893 imagines
977 855 1062 881 sunt
1083 846 1274 893 imaginum
1297 847 1464 882 evanidae
1494 862 1635 895 prorsus
1657 857 1691 882 et
1712 847 1921 890 dissimiles,
1942 848 2029 883 mul-

355 914 497 954 tumque
526 907 567 941 ab
595 907 779 955 exemplari
808 921 913 942 eausa
944 907 1168 942 dissidentes.
1197 907 1295 942 Nibil
1325 907 1441 955 itaque
1473 908 1604 943 sciunt.
1634 907 1707 954 Qui
1738 909 1832 943 enim
1859 916 2028 957 possent,

350 981 431 1001 cum
455 967 538 1001 tales
560 967 646 1009 sint,
670 975 772 1015 atque
796 968 840 1001 ita
863 982 898 1001 se
921 967 1098 1003 babeant?
1125 967 1270 1001 Etiamsi
1292 967 1390 1002 valde
1413 977 1493 1002 sunt
1519 969 1682 1003 elaborati
1711 978 1816 1017 atque
1839 969 1935 1017 potiti
1951 998 1958 1012 ,
1979 969 2030 1004 lu-

350 1027 515 1075 eidosque
537 1027 738 1075 splendores
760 1036 793 1061 et
816 1027 965 1074 fulgores
988 1027 1264 1063 scintillantibus
1285 1026 1389 1062 radiis
1413 1028 1589 1064 emittunt.
1610 1029 1718 1064 Unde
1740 1029 1847 1076 igitur
1869 1039 1904 1065 et
1924 1043 2029 1078 quam

349 1088 391 1121 ob
412 1101 487 1121 rem
516 1088 549 1121 bi
577 1087 661 1121 dieti
684 1096 767 1122 sunt
787 1101 805 1121 a
826 1097 858 1122 te
883 1087 1100 1131 Cherubim,
1124 1088 1295 1136 siquidem
1324 1088 1420 1123 nullo
1450 1089 1671 1124 substantiali
1694 1090 1795 1125 modo
1822 1104 2030 1139 supermun-

347 1147 455 1182 diales
481 1147 552 1182 illas
579 1148 755 1195 potentias
779 1148 1012 1196 participant?

451 1207 531 1242 Non
553 1216 601 1242 est
623 1221 724 1243 meus
746 1209 799 1243 liic
823 1221 956 1251 sermo,
979 1223 1094 1257 neque
1116 1223 1133 1243 a
1155 1223 1209 1244 me
1231 1209 1344 1257 primo
1366 1209 1440 1244 talis
1468 1209 1650 1258 appellatio
1673 1210 1725 1244 his
1747 1210 1941 1258 excogitata
1963 1211 2030 1245 fuit

345 1277 451 1317 atque
482 1268 649 1316 imposita.
679 1261 816 1316 Moysis
840 1278 892 1303 est
913 1269 1033 1304 Deum
1061 1269 1208 1315 videntis
1231 1279 1264 1305 et
1286 1269 1368 1317 legis
1395 1270 1513 1305 latoris
1542 1270 1624 1305 baec
1652 1284 1737 1313 vox,
1760 1270 1842 1305 olim
1866 1271 2005 1305 inventa
2022 1299 2029 1311 ,

346 1337 375 1363 et
405 1342 423 1362 a
450 1329 553 1363 saeris
581 1328 709 1363 litteris
738 1329 982 1364 testimonium
1010 1330 1228 1378 antiquitatis
1257 1330 1385 1365 babens
1404 1359 1411 1373 ,
1441 1345 1530 1379 quae
1558 1330 1665 1366 fidem
1694 1331 1725 1365 ei
1754 1330 1852 1365 facile
1886 1331 2030 1366 faciunt.

347 1389 453 1435 Quod
475 1390 501 1424 si
522 1390 638 1425 verius
659 1390 855 1425 dicendum
876 1399 945 1429 est,
971 1390 1038 1425 Dei
1060 1405 1122 1426 vox
1144 1400 1194 1426 est
1214 1391 1353 1439 proprio
1378 1392 1508 1426 famulo
1537 1392 1737 1426 mandantis
1751 1420 1758 1433 ,
1781 1406 1850 1440 quo
1874 1400 2028 1440 tempore

344 1450 449 1498 prisci
469 1450 562 1486 illius
584 1451 805 1486 tabernaculi
825 1451 1024 1486 delineabat
1045 1452 1077 1486 ei
1100 1460 1206 1500 atque
1226 1451 1483 1486 demonstrabat
1504 1452 1715 1488 aedificium.
1738 1452 1830 1487 Nam
1852 1452 1936 1500 quia
1957 1466 2031 1487 cae-

344 1511 485 1546 lestium
511 1511 644 1559 aliquot
672 1512 841 1546 ordinum
868 1512 1029 1546 evanidas
1056 1512 1223 1560 quasdam
1249 1511 1461 1546 imitationes
1482 1526 1521 1546 ae
1543 1512 1748 1546 umbratiles
1777 1512 2029 1547 similitudines

344 1572 465 1617 figuris
486 1586 663 1620 expressas
684 1572 949 1607 tabernaculum
970 1573 1136 1618 lzabebat3
1158 1579 1182 1594 n
1209 1586 1292 1608 cura
1315 1572 1429 1614 enlm,
1448 1572 1584 1620 inquit,
1605 1581 1646 1607 ut
1668 1573 1784 1607 omnia
1806 1572 1912 1607 facias
1934 1573 2027 1608 iuxta

347 1660 370 1675 „
401 1633 574 1681 exemplar
604 1633 669 1667 tibi
698 1633 732 1667 in
761 1641 879 1668 monte
910 1642 1092 1668 ostensum
1115 1635 1151 1654 ᾄ-
1226 1641 1268 1668 ut
1295 1646 1330 1667 se
1362 1632 1648 1668 Cberubinorum
1674 1647 1820 1681 quoque
1845 1632 2029 1668 dominum

1144 1663 1153 1679 7
1178 1662 1200 1675 μ

346 1694 543 1728 communis
564 1693 662 1728 Deus
684 1694 960 1740 demonstraret3
986 1702 1019 1729 et
1040 1694 1342 1742 quemadmodum
1362 1694 1495 1742 absque
1520 1694 1593 1729 ullo
1619 1691 1893 1729 intermedio‘ac
1914 1695 2030 1742 primi-

347 1763 401 1789 tus
422 1754 628 1797 illuminati,
650 1755 848 1790 ministeria
877 1755 913 1789 in
944 1755 1152 1790 caelestibus
1180 1756 1390 1790 famulanter
1420 1756 1609 1797 exhibent,
1634 1764 1668 1790 et
1689 1756 1863 1790 beneficos
1891 1755 2028 1790 divinae

343 1814 586 1863 providentiae
616 1816 730 1851 fluxus
759 1815 883 1850 ceteris
906 1816 996 1850 infra
1017 1830 1052 1851 se
1074 1816 1194 1864 positis
1223 1816 1510 1859 communicant,
1536 1816 1657 1851 eodem
1685 1816 1790 1851 modo
1813 1816 1849 1850 in
1873 1816 1925 1850 bis
1947 1831 2030 1864 quo-

343 1889 412 1924 que
434 1876 660 1911 terrestribus
680 1891 744 1924 per
765 1876 999 1911 imitationem
1017 1877 1157 1911 illorum
1177 1877 1306 1925 quibus
1327 1876 1588 1919 assimilantur,
1609 1876 1724 1910 divina
1744 1876 1963 1921 indulgentia
1985 1878 2029 1910 t'a-

343 1936 504 1971 etitatum
533 1937 759 1985 comperitur.
789 1936 866 1972 Hoc
894 1951 913 1972 a
940 1937 1135 1984 legislatore
1166 1946 1330 1972 curatum
1359 1937 1449 1977 suit,
1476 1937 1541 1971 liae
1571 1937 1705 1972 ratione
1735 1937 1916 1985 opificium
1944 1937 2030 1971 illud

344 1996 410 2031 suit
434 1997 644 2033 ordinatum.
674 1997 775 2033 lllinc
806 1997 899 2033 enim
927 1998 1078 2033 visiones
1100 1999 1129 2033 is
1154 1997 1374 2046 excipiebat,
1397 1999 1459 2046 qui
1479 1997 1550 2032 Dei
1576 1997 1717 2032 videndi
1747 2011 1886 2045 compos
1911 1998 2028 2032 fiebat.

344 2057 417 2092 Iam
440 2058 536 2092 enim
557 2059 586 2093 ei
611 2059 795 2093 commissa
817 2068 889 2094 erat
911 2059 1179 2094 administrandi
1207 2059 1326 2107 populi
1350 2073 1432 2094 eura
1446 2087 1454 2101 ,
1475 2058 1717 2106 ducatumque
1745 2058 1856 2105 gentis
1881 2066 1914 2092 et
1935 2058 2030 2106 prin-

347 2120 503 2167 cipatum
525 2121 673 2167 gerebat.
697 2120 881 2168 Scriptum
903 2130 953 2155 est
974 2121 1091 2169 itaque
1112 2121 1147 2155 in
1169 2120 1271 2155 editis
1292 2129 1369 2168 post
1390 2134 1506 2155 aream
1528 2120 1705 2155 conditam
1727 2119 1914 2162 mandatis,
1932 2120 2025 2168 apud

347 2194 485 2215 sacrum
506 2182 634 2216 librum
657 2182 712 2216 cui
742 2182 844 2216 exodi
868 2183 1077 2229 (egressus)
1101 2182 1256 2217 filiorum
1281 2181 1438 2216 lsi-abelis
1468 2181 1593 2215 titulus
1623 2190 1695 2223 est,
1717 2181 1766 2215 sie
1790 2180 2027 2229 praecipiente

346 2240 422 2275 Deo
446 2243 472 2277 *ἦ
495 2248 517 2263 “
542 2242 663 2277 Facies
693 2251 724 2276 et
752 2242 1033 2291 propitiatorium
1061 2243 1104 2277 de
1131 2257 1215 2277 auro
1240 2243 1394 2278 mundo:
1418 2242 1506 2277 duos
1537 2242 1675 2277 cubitos
1701 2250 1733 2276 et
1758 2241 1946 2276 dimidium
1973 2242 2029 2275 ba-

350 2330 372 2343 „
401 2302 497 2336 bebit
518 2302 702 2349 longitudo
724 2303 820 2345 eius,
842 2313 876 2338 et
899 2304 1063 2339 cubitum
1085 2318 1123 2338 ac
1145 2303 1321 2338 semissem
1343 2303 1496 2337 latitudo.
1519 2302 1617 2337 Duos
1638 2316 1778 2351 quoque
1803 2301 2027 2337 Cherubinos

350 2390 372 2404 2,
400 2376 522 2397 aureos
550 2363 762 2411 productiles
790 2364 918 2406 facies,
942 2378 1069 2412 eosque
1097 2365 1254 2412 impones
1278 2364 1420 2412 utrique
1443 2363 1545 2398 lateri
1568 2363 1809 2412 propitiatorii.
1836 2362 1916 2397 Fiet
1940 2362 2028 2398 Che-

350 2450 372 2464 „
400 2422 550 2457 rubinus
578 2437 673 2458 unus
696 2425 729 2458 in
752 2425 815 2459 lioe
841 2425 945 2460 latere
961 2454 968 2467 ,
991 2434 1026 2459 et
1051 2424 1282 2460 Cherubinus
1304 2425 1389 2459 item
1412 2438 1507 2459 unus
1537 2424 1572 2458 in
1604 2424 1711 2458 altero
1731 2423 1837 2458 latere
1865 2423 2028 2471 propitia-

350 2512 371 2526 „
401 2484 491 2518 torii.
521 2484 664 2527 FacieS,
688 2485 833 2533 inquam
859 2487 978 2521 ambos
1009 2485 1233 2522 Clierubinos
1261 2500 1366 2534 super
1388 2486 1495 2521 latera
1524 2485 1626 2521 illius.
1656 2484 1699 2519 Et
1725 2484 1914 2519 extendent
1939 2483 2028 2518 Clie—

351 2573 371 2580 ..
401 2545 516 2579 rubini
537 2545 603 2579 alas
624 2560 700 2580 suas
726 2546 894 2594 desuper.
918 2548 1173 2581 obumbrantes
1202 2547 1503 2595 propitiatoriuin3
1528 2555 1559 2581 et
1588 2546 1743 2593 ipsorum
1763 2545 1878 2579 vultus
1902 2553 2025 2579 mutuo

351 2633 373 2640 ..
402 2605 601 2653 respicient.
630 2605 746 2640 Pones
768 2616 885 2641 autem
908 2608 1183 2656 propitiatorium
1212 2622 1318 2656 super
1340 2622 1477 2649 arcani,
1501 2616 1533 2641 et
1556 2607 1591 2640 in
1613 2620 1692 2640 arca
1717 2606 1915 2641 testimonia
1938 2620 2025 2653 quae

352 2694 373 2707 ἲ.
398 2666 458 2700 tibi
482 2666 578 2701 dabo.
608 2666 711 2701 Illinc
740 2681 800 2713 ego
826 2668 887 2702 tibi
913 2669 1148 2706 innotescam,
1172 2669 1309 2716 tibique
1335 2669 1458 2716 loquar
1486 2669 1527 2701 de
1559 2667 1822 2715 propitiatorio.
1844 2667 1886 2701 de
1915 2667 2029 2701 medio

353 2755 375 2769 .‚
406 2726 694 2762 Cberubinorum
713 2728 865 2762 duorum
885 2729 943 2776 qui
967 2744 1068 2778 super
1089 2743 1200 2763 ars-am
1223 2729 1415 2763 testimonii
1438 2736 1537 2762 erunt
1553 2757 1560 2764 ,
1583 2728 1674 2762 iuxta
1693 2727 1808 2762 ‹iiinnia
1827 2742 1915 2775 quae
1935 2741 2029 2762 man-

353 2815 375 2823 .,
404 2787 492 2821 dabo
516 2802 578 2835 per
604 2796 638 2822 te
664 2788 740 2823 siliis
770 2788 939 2824 lsralielis.
969 2818 990 2831 „

451 2848 564 2883 Aures
592 2849 745 2897 pandant
775 2849 889 2892 surdi,
914 2859 1064 2885 mentem
1093 2851 1273 2885 advertant
1303 2858 1469 2885 amentes.
1498 2847 1566 2882 Dei
1594 2848 1655 2882 bae
1685 2858 1765 2883 suut
1791 2863 1892 2885 voces
1921 2858 2025 2897 atque
