2203 3331
159 1140 198 1159 Gr.
213 1145 235 1166 p.
252 1140 296 1159 126.

155 2358 162 2365 ‘
178 2355 214 2376 ΡΞ.
228 2355 267 2377 IV.
287 2358 305 2376 3.

334 159 400 192 ΗΟ
882 166 911 190 s.
937 166 1112 191 NICEPuonl
1139 167 1398 191 Axrnutmmccs
1426 167 1477 191 ιιι.

331 226 417 266 mis,
441 232 476 258 et
502 222 632 257 Romae
662 221 833 257 maximae
861 223 974 270 cogita
1003 223 1265 265 celebritatem,
1290 231 1325 257 et
1352 222 1528 257 excelsum
1556 222 1776 258 fundationis
1804 225 1880 260 eius
1909 225 2030 261 decus.

332 283 519 318 Aemulare
541 281 747 328 religionem
768 282 883 326 illius,
905 284 967 332 qui
989 297 1149 331 magnam
1170 283 1332 318 condidit
1352 282 1628 325 Alexandriam,
1647 283 1716 318 loci
1737 285 1950 333 obstupesce
1973 300 2031 334 op-

330 344 606 392 portunitatem,
626 342 773 391 Nilique
795 357 871 379 arva
891 344 1068 392 irrigantis
1088 345 1307 380 incrementa
1328 357 1465 386 annua,
1485 357 1640 391 eumque
1663 353 1701 379 ut
1722 346 1947 381 fructiferum
1969 347 2030 382 ho-

331 418 416 438 nore
444 417 676 451 prosequere,
697 412 802 452 atque
830 404 878 439 ita
899 419 917 439 a
937 405 1066 440 veteris
1088 404 1345 453 Aegyptiorum
1372 403 1634 451 superstitionis
1657 418 1774 440 errore
1805 420 1876 441 non
1904 407 2028 443 aberis.

331 464 448 499 Ninus
471 463 534 498 tibi
559 472 664 511 caput
686 464 912 512 professionis
936 473 1030 508 esto,
1052 466 1112 513 qui
1135 479 1199 500 suo
1221 464 1365 499 nomine
1394 464 1521 499 urbem
1541 463 1698 499 Niniven
1721 466 1900 509 excitavit,
1924 468 2028 504 cuius

334 524 496 559 transitus
524 524 630 559 trium
654 524 794 560 dierum
819 526 946 561 itinere
972 526 1118 561 demum
1142 525 1399 574 perficiebatur.

438 587 495 634 74.
524 584 653 619 Transi
683 585 789 629 hinc,
812 586 840 620 si
869 585 933 620 tibi
960 586 1090 621 volenti
1119 595 1194 629 est,
1222 586 1263 620 ad
1293 585 1518 620 israheliticae
1548 585 1661 632 gentis
1688 599 1807 633 reges,
1833 601 2028 637 eorumque

331 646 535 681 felicitatem
556 654 589 681 et
611 646 783 693 regnandi
805 647 956 695 spatium
977 647 1174 682 considera.
1197 646 1305 682 Unus
1328 646 1392 681 tibi
1414 646 1526 681 instar
1547 646 1709 681 omnium
1729 647 1901 689 sufficiet,
1919 648 2033 684 decus

332 706 514 741 enimvero
543 708 670 754 ingens
693 715 725 742 et
747 706 890 754 gloriam
919 707 1098 754 religionis
1127 708 1280 742 habens!
1309 706 1373 742 Est
1400 707 1457 741 hie
1486 706 1747 742 llieroboamus
1772 721 1892 742 servus
1920 717 1954 743 et
1981 722 2032 742 re-

330 767 441 802 bellis.
470 766 666 815 Postquam
693 767 790 802 enim
813 766 979 802 Salomon
1003 767 1192 815 prophetae
1214 766 1361 801 Davidis
1389 767 1482 802 filius
1510 782 1550 801 ex
1578 767 1642 801 hae
1671 767 1741 801 vita
1770 767 1949 814 migravit,
1972 768 2029 803 ille

333 841 373 862 ex
396 826 689 876 Aegyptorediit,
711 827 770 862 ubi
791 828 959 875 profugus
979 835 1081 861 antea
1102 827 1260 863 latuerat.
1289 826 1406 862 Tanta
1428 841 1509 862 vero
1531 829 1674 862 fortuna
1695 842 1735 862 ac
1756 827 1922 863 felicitate
1946 843 2031 864 usus

331 895 402 930 cst,
425 896 465 922 ut
486 896 626 935 gentem
646 888 681 922 in
705 888 791 922 duas
813 895 928 935 partes
951 901 1071 922 secare
1099 887 1276 934 potuerit,
1299 895 1332 921 et
1354 887 1550 935 plurimum
1574 887 1735 922 tribuum
1758 901 1956 923 numerum
1976 889 2032 924 ab·

331 947 480 990 ducere,
500 948 746 995 propriamque
766 947 942 982 ditionem
959 961 998 981 ae
1022 960 1172 993 regnum
1192 947 1258 981 sibi
1278 961 1458 994 segregare
1471 976 1479 990 ,
1499 955 1531 982 et
1550 947 1643 994 regia
1662 948 1837 995 praetoria
1856 956 2031 992 statuere,

333 1016 436 1056 atque
460 1022 477 1042 a
498 1007 569 1043 Dei
599 1008 697 1043 cultu
725 1007 898 1056 populum
925 1007 1145 1050 abstrahere,
1167 1007 1472 1056 daemonibusque
1501 1007 1652 1042 exitiosis
1680 1008 1885 1051 admovere,
1909 1022 2032 1043 aureas

334 1068 477 1110 vitulas,
500 1069 575 1103 loeo
603 1082 717 1103 sacrae
746 1068 946 1114 religionis,
969 1067 1160 1102 stultorum
1183 1067 1381 1102 adorationi
1409 1082 1621 1115 proponens.
1651 1067 1793 1114 Quibus
1819 1069 1920 1116 longe
1945 1068 2033 1103 anti-

335 1130 467 1172 stabat,
489 1128 734 1177 pulcritudine
756 1128 869 1176 operis
883 1156 891 1170 ,
913 1127 1249 1170 acclamationibuS,
1271 1137 1307 1163 et
1326 1128 1513 1163 harmonia
1534 1128 1671 1163 musica
1692 1130 1935 1171 resonantius,
1954 1143 2032 1177 pro-

336 1189 471 1237 digium
495 1189 581 1224 illud
607 1198 706 1224 tuum
731 1190 779 1237 (1)
804 1188 922 1223 aurcis
945 1188 1164 1223 ornamentis
1184 1188 1395 1236 permirum,
1416 1197 1450 1223 et
1472 1189 1699 1223 incautorum
1720 1189 1841 1223 oculos
1860 1190 2033 1224 varietate

335 1265 373 1285 ac
396 1250 644 1298 magnitudine
665 1250 865 1292 attrahens,
888 1249 973 1284 illud
998 1249 1141 1297 inquam
1162 1249 1393 1297 babylonicae
1422 1257 1552 1284 statuae
1574 1250 1617 1284 ab
1640 1249 1838 1284 artificibus
1858 1249 2035 1285 aemulan-

337 1320 386 1345 ter
415 1311 625 1359 oppositum.
657 1310 748 1356 Quis
779 1310 843 1345 tibi
871 1310 1006 1345 videtur
1036 1323 1182 1356 magnus
1213 1309 1268 1344 ille
1298 1310 1412 1345 audax
1443 1309 1550 1344 Ozias
1569 1338 1577 1353 ,
1607 1310 1670 1358 qui
1697 1323 1770 1345 rem
1797 1324 1902 1358 supra
1931 1323 2033 1345 suam

335 1373 543 1420 dignitatem
570 1372 771 1414 attentavit,
794 1372 942 1420 ideoque
970 1372 1068 1420 lepra
1094 1372 1310 1419 percussus?
1338 1371 1524 1407 b‘lanasses
1545 1380 1684 1415 autem,
1708 1380 1741 1406 te
1765 1372 1908 1414 iudice,
1929 1385 2033 1406 nemo

335 1447 459 1482 parem
479 1433 644 1478 hahebit3
665 1433 722 1467 hie
745 1433 842 1468 enim
867 1446 989 1467 omnes
1012 1432 1190 1480 impietate
1213 1440 1247 1467 et
1269 1432 1438 1467 atheismo
1460 1432 1619 1467 celebres
1639 1446 1821 1480 superasse
1842 1441 2010 1467 narratur
2024 1460 2033 1474 ,

338 1495 401 1543 qui
430 1495 526 1529 omni
555 1494 802 1529 scandalorum
832 1503 940 1542 atque
968 1493 1276 1528 abominationum
1306 1507 1433 1540 genere
1464 1507 1499 1528 se
1530 1493 1763 1541 subditosque
1792 1507 1876 1528 suos
1906 1492 2033 1528 obruit.

337 1554 450 1603 Atqui
471 1555 596 1589 horum
611 1583 618 1597 ,
643 1555 726 1589 alter
747 1568 859 1589 annos
882 1554 1139 1603 quinquaginta
1153 1582 1161 1596 ,
1185 1554 1272 1588 alter
1291 1567 1373 1589 vero
1396 1554 1557 1602 quinque
1578 1567 1680 1601 supra
1704 1553 1960 1601 quinquaginta
1985 1553 2035 1587 iu-

338 1615 431 1650 daici
459 1616 579 1663 populi
608 1615 721 1650 tenuit
747 1615 950 1665 imperium.
981 1614 1151 1650 Irridebis
1180 1623 1301 1650 autem
1329 1629 1370 1650 ac
1399 1615 1549 1663 despues
1573 1615 1780 1661 religiosum
1800 1614 1950 1656 Iosiam,
1973 1614 2036 1662 qui

337 1676 474 1724 pietatis
502 1691 584 1711 suae
613 1685 739 1711 testem
760 1675 879 1711 Deum
900 1675 1024 1711 habuit
1038 1705 1046 1718 ,
1070 1675 1270 1724 ceterisque
1299 1684 1398 1711 recta
1419 1676 1489 1710 fide
1511 1675 1737 1718 antecelluit,
1758 1675 1839 1723 quia
1860 1675 2036 1722 inglorius

337 1737 441 1771 vitam
471 1737 581 1771 finivit
605 1751 622 1772 a
644 1737 760 1772 nescio
782 1751 851 1785 quo
874 1745 1070 1785 pugnatore
1099 1737 1305 1772 vulneratus
1320 1765 1328 1779 ,
1349 1737 1436 1772 dum
1457 1737 1581 1784 proelii
1603 1735 1764 1784 pericula
1785 1750 1857 1770 non
1879 1735 1960 1770 satis
1983 1749 2037 1769 ca·

337 1805 401 1833 vet.
424 1797 571 1833 Illorum
594 1798 773 1840 omnium,
792 1798 891 1844 regni
914 1798 1066 1846 spatium
1083 1797 1348 1846 praesentisque
1368 1798 1457 1832 vitae
1476 1797 1687 1832 felicitatem
1707 1796 1902 1839 admirans,
1920 1809 2038 1830 mores

340 1858 500 1901 imitare,
528 1868 562 1895 et
590 1860 679 1894 vitae
707 1873 820 1907 genus
849 1874 887 1894 ac
915 1859 1122 1905 religionem
1149 1859 1304 1905 ambito3
1329 1858 1480 1907 plaude,
1505 1858 1680 1899 acclama,
1704 1857 1868 1892 laudibus
1898 1857 2035 1892 eximiis

339 1934 441 1956 orna:
459 1920 564 1955 vitam
586 1929 742 1963 sectare,
762 1922 850 1955 facta
872 1920 1067 1962 aemulare,
1086 1919 1275 1955 libationes
1293 1920 1438 1955 demum
1459 1934 1499 1954 ae
1519 1919 1677 1954 victimas
1697 1917 1765 1953 illis
1785 1919 1903 1961 adfer,
1923 1918 2036 1965 gaude

341 1979 389 2013 eis
412 1980 637 2023 sacrificans,
660 1989 765 2028 atque
787 1989 829 2015 ut
850 1980 921 2015 tuis
944 1980 1031 2015 haee
1053 1980 1204 2022 adhibe,
1228 1979 1257 2014 si
1277 1980 1413 2028 placet,
1435 1979 1562 2022 adora,
1584 1979 1722 2027 hymnis
1744 1979 1905 2021 celebra,
1929 1978 2038 2013 sacris

339 2040 464 2075 ritibus
494 2041 588 2084 cole,
610 2041 852 2089 responsiones
882 2041 1106 2076 fatidicorum
1132 2040 1236 2083 audi,
1259 2041 1437 2087 interroga
1462 2040 1698 2087 geomanticos
1714 2068 1722 2082 ,
1744 2039 2038 2087 engastrimythos

341 2101 494 2138 consule.
525 2101 622 2147 Quid
645 2102 741 2136 aliud
764 2102 908 2137 dicam?
935 2115 1038 2136 curre
1061 2101 1103 2136 ad
1125 2101 1333 2144 daemones,
1356 2115 1374 2135 a
1396 2101 1525 2149 quibus
1553 2100 1720 2147 magister
1740 2109 1826 2136 tuus
1848 2100 2037 2146 agebatur,

341 2169 380 2195 ut
408 2162 544 2197 facilius
575 2163 618 2197 sis
646 2162 749 2205 felix,
772 2171 812 2197 ut
840 2177 930 2210 pane
958 2162 1113 2210 vinoque
1142 2162 1341 2209 implearis,
1362 2176 1471 2210 reque
1501 2161 1598 2196 omni
1626 2175 1733 2209 quam
1753 2169 1846 2196 terra
1874 2160 2040 2208 suppedi-

344 2230 413 2264 tat,
434 2237 594 2272 quaeque
616 2238 633 2258 a
657 2224 808 2258 terrenis
831 2224 1014 2271 appetitur.
1037 2233 1059 2244 ·⁸
1085 2222 1168 2257 Filii
1189 2223 1372 2257 hominum
1396 2224 1565 2270 (magnus
1589 2222 1686 2257 vobis
1711 2222 1881 2256 inclamat
1900 2220 2039 2263 David,

347 2311 369 2325 „
398 2297 464 2318 ceu
492 2284 707 2318 vocalissima
735 2285 835 2327 tuba,
860 2293 1039 2333 tamquam
1060 2284 1104 2319 de
1127 2283 1270 2332 specula
1292 2283 1456 2332 celsoque
1476 2283 1555 2318 loco
1577 2282 1809 2331 praedicans)
1835 2295 1946 2331 usque
1969 2295 2039 2330 quo

346 2372 368 2387 „
398 2344 493 2390 gravi
519 2345 650 2380 corde?
674 2358 738 2379 eur
763 2345 907 2391 diligitis
931 2345 1142 2387 vanitatem,
1166 2353 1199 2379 et
1221 2344 1449 2380 mendacium
1473 2343 1643 2392 quaeritis
1666 2344 1709 2378 *P

451 2405 507 2453 75.
537 2404 678 2439 Grande
707 2405 837 2453 aliquid
860 2405 915 2440 isti
938 2405 1137 2440 existimant
1159 2420 1235 2440 esse
1255 2419 1310 2440 res
1332 2413 1549 2453 praesentes,
1566 2413 1601 2439 et
1619 2402 1914 2452 corruptibilibus
1932 2410 2039 2450 atque

344 2464 486 2500 caducis
508 2473 619 2499 totum
640 2465 728 2499 vitae
750 2466 930 2512 negotium
953 2466 1256 2503 circumcludunt.
1278 2466 1409 2509 Unde,
1432 2465 1598 2514 inquam,
1620 2463 1684 2498 tibi
1706 2476 1810 2511 parva
1831 2462 1908 2504 illa,
1931 2475 2041 2510 quam

345 2534 525 2573 tantopere
549 2526 672 2567 iactas,
691 2525 863 2562 felicitas?
883 2527 999 2569 unde,
1019 2541 1168 2574 quaeso,
1190 2527 1368 2575 stipendia
1389 2540 1470 2562 eum
1494 2538 1708 2573 comparasse
1729 2523 1853 2572 putas?
1874 2522 1955 2558 Nisi
1976 2522 2042 2556 tibi

343 2586 507 2621 molestus
531 2595 579 2620 est
599 2599 712 2620 sermo
728 2615 735 2627 ,
758 2587 840 2620 audi
864 2596 896 2621 et
920 2601 1101 2634 cognosce.
1134 2586 1268 2622 Christi
1296 2587 1579 2627 inimicissimus,
1600 2584 1678 2620 auri
1706 2583 1965 2619 amantissimus
1992 2591 2043 2631 ty-

342 2661 498 2690 rannus,
519 2647 691 2694 pecuniae
722 2647 962 2695 mancipium,
986 2648 1048 2696 qui
1070 2647 1212 2696 Lydum
1238 2648 1338 2683 illum
1365 2649 1415 2695 (2)
1443 2646 1521 2682 auri
1549 2646 1673 2680 insana
1702 2644 1896 2694 cupiditate
1924 2643 2044 2679 vince-

423 2753 458 2781 (1)
477 2750 593 2778 Videtur
612 2750 686 2785 loqui
708 2751 880 2785 Nicephorus
899 2751 932 2778 de
952 2752 1044 2786 aliqua
1065 2752 1239 2788 Copronymo
1260 2756 1349 2779 erecta
1369 2751 1473 2783 insigni
1493 2754 1594 2777 statua.

423 2797 458 2826 (2)
478 2794 583 2821 Midam
603 2795 720 2827 seilicet,
741 2794 814 2829 quod
836 2804 935 2821 nomen
957 2796 1074 2830 imponit
1093 2798 1267 2831 Copronymo
1288 2795 1459 2830 Nicephorus
1479 2795 1561 2821 etiam
1582 2793 1610 2820 in
1630 2793 1765 2820 breviario
1784 2791 1819 2820 ad
1839 2800 1884 2819 an.
1902 2795 1968 2824 767,
1988 2799 2045 2826 quo

344 2837 403 2865 loco
422 2843 516 2866 narrat
535 2842 623 2866 totum
643 2846 729 2874 paene
749 2839 857 2874 imperii
877 2847 976 2866 aurum
996 2839 1030 2866 ab
1051 2840 1097 2867 illo
1118 2840 1146 2867 in
1165 2841 1304 2868 aerarium
1324 2847 1405 2867 suum
1425 2842 1589 2874 congestum
1608 2837 1708 2870 fuisse,
1728 2836 1854 2873 spoliatis
1873 2835 1991 2871 populis.
