2203 3331
739 205 800 230 rao
827 205 955 230 ssxcrxs
981 204 1180 227 nmemmts.
1731 193 1797 225 177

224 264 338 300 Iidem
364 261 448 297 mihi
475 261 638 297 videntur
665 276 793 297 nomen
821 275 961 310 quoque
982 259 1129 295 Domini
1156 258 1259 293 nihili
1286 259 1442 307 pendere
1471 274 1510 295 ac
1537 259 1741 307 profanare,
1764 266 1798 292 et

123 326 378 363 contaminatos
399 324 494 358 altari
516 337 619 371 panes
644 324 773 358 offerre
788 352 796 366 ‚
817 323 901 357 dum
925 321 1040 356 dicere
1068 320 1199 355 audent
1220 322 1256 355 *z
1277 326 1299 340 ‘²
1324 333 1443 355 mensa
1464 320 1610 355 Domini
1633 318 1797 354 contami-

127 416 151 431 „
179 395 258 422 nata
276 393 343 427 est,
361 393 395 419 et
412 384 654 432 superpositae
671 383 741 418 illie
759 383 863 431 dapes
883 390 1103 429 contemptae
1123 408 1146 423 „
1164 379 1258 428 quod
1274 380 1469 428 antiquitus
1487 381 1601 427 legalis
1618 379 1797 426 religionis

124 446 363 483 sacerdotibus
387 446 633 493 exprobratum
653 444 793 478 scimus.
815 443 909 478 Bene
929 451 1049 477 autem
1067 455 1148 476 cum
1167 441 1231 475 illis
1251 449 1388 487 agetur,
1406 442 1434 475 si
1452 442 1543 489 quod
1561 441 1644 476 olim
1664 441 1798 476 dietum

123 507 189 541 suit
210 505 371 548 israheli,
395 514 533 540 tantum
553 504 731 540 audierint
748 505 782 539 ³²:
805 510 827 524 “
849 517 1035 551 quousque
1061 501 1264 537 claudicatis
1285 501 1452 535 ambobus
1473 502 1682 549 poplitibus?
1706 529 1729 543 „
1750 514 1799 535 re-

122 567 288 614 ligionem
311 566 377 600 illis
397 566 652 607 attribuentes,
673 564 733 612 qui
755 564 909 598 divinam
937 564 1046 609 legem
1073 562 1169 610 parvi
1192 562 1379 604 facientes,
1402 562 1443 596 ad
1467 563 1694 597 finitimarum
1721 576 1799 608 gen—

124 628 212 663 tium
239 627 505 676 superstitiones
534 634 739 674 properant:
764 639 831 672 qua
859 625 893 658 in
915 638 952 658 re
977 623 1279 658 Samaritanorum
1307 622 1490 670 praecipue
1519 622 1721 657 institutum
1750 636 1799 657 sc-

125 697 266 724 etantur
279 718 286 731 ,
305 689 368 737 qui
386 697 419 723 et
435 687 633 722 Dominum
653 686 879 727 verebantur,
899 694 933 719 et
950 685 1041 719 idola
1062 684 1165 719 simul
1183 697 1244 718 sua
1264 683 1441 728 colebant3
1459 683 1545 717 male
1562 683 1723 731 quidem,
1741 683 1797 717 sed

124 749 170 784 ita
201 758 317 784 tamen
346 750 485 783 sortasse
517 747 677 782 colebant
705 755 745 782 ut
772 746 955 794 proprium
982 746 1112 794 cuique
1141 745 1273 779 cultum
1298 744 1507 779 exhiberent.
1536 743 1596 778 Isti
1616 758 1697 778 vero
1719 758 1799 777 con-

124 810 315 844 fundentes
337 823 378 844 ac
399 809 669 856 permiscentes,
691 816 793 856 atque
816 809 888 842 una
910 806 1160 853 conglobantes
1181 819 1218 840 ea
1239 819 1327 853 quae
1353 803 1537 852 coniugari
1559 812 1592 839 et
1613 804 1797 839 coexistere

124 878 330 918 nequeunt,
352 869 443 917 quod
466 883 510 903 ne
533 868 673 914 cogitari
695 867 838 915 quidem
860 868 934 902 sine
957 880 1088 901 summa
1110 866 1321 913 blasphemia
1344 873 1477 913 potest,
1500 878 1610 899 unum
1634 864 1800 899 eundem-

122 945 190 978 que
217 931 385 965 honorem
408 938 443 964 et
466 929 601 965 cultum
623 929 780 977 utrisque
802 928 961 977 imperite
985 937 1019 962 et
1040 927 1227 974 irreligiose
1249 927 1416 961 adhibere
1443 926 1572 961 volunt.
1603 925 1798 961 Corinthiis

123 991 215 1025 enim
234 991 294 1038 qui
314 1005 425 1039 nuper
443 991 485 1025 ab
506 990 682 1025 idolorum
700 989 841 1038 crapula
863 989 1098 1037 resipuerant,
1119 997 1151 1023 et
1176 988 1331 1023 carnales
1350 988 1462 1022 adhuc
1481 987 1681 1035 parvulique
1700 996 1799 1021 erant

122 1050 160 1086 in
182 1050 342 1093 Christo,¹
362 1060 397 1086 et
415 1051 503 1086 lacte
525 1051 639 1098 potius
660 1064 765 1099 quam
786 1064 864 1085 esca
887 1049 1018 1084 nutriri
1039 1050 1187 1096 egebant
1203 1050 1238 1091 *ἢ
1259 1049 1450 1096 comparari
1470 1049 1530 1082 hos
1551 1047 1651 1095 longe
1674 1057 1724 1082 est
1745 1049 1799 1082 ab·

121 1125 269 1154 sonum,
293 1120 369 1146 tuin
396 1120 538 1160 propter
565 1119 777 1159 postremum
799 1125 869 1159 quo
891 1111 1011 1145 vivunt
1040 1118 1178 1157 tempus
1194 1138 1201 1151 ,
1223 1117 1298 1143 tum
1327 1109 1429 1143 etiam
1449 1109 1493 1143 ob
1516 1109 1716 1155 dogmatum
1743 1109 1799 1143 de-

121 1173 287 1207 faecatam
310 1172 375 1206 iam
398 1172 595 1207 doctrinam
615 1180 649 1206 et
672 1172 892 1219 exploratam.
922 1170 1002 1216 Qua
1022 1184 1125 1218 super
1146 1184 1181 1204 re
1202 1169 1363 1215 refragari
1385 1170 1530 1204 minime
1554 1178 1697 1217 possunt
1712 1198 1719 1208 ,
1741 1184 1799 1204 ne·

120 1248 188 1281 que
210 1233 320 1267 ullum
341 1233 556 1267 defensionis
585 1234 767 1268 obtentum
796 1246 878 1280 prae
900 1245 933 1266 se
957 1231 1114 1266 tendere.
1142 1230 1268 1278 Neque
1298 1231 1382 1265 item
1409 1230 1576 1265 Hebraeis
1607 1232 1798 1278 comparari

122 1303 281 1342 queunt,
303 1303 467 1342 paternae
496 1294 768 1329 conversationis
800 1293 1002 1334 tenacibus,
1025 1292 1069 1326 ita
1099 1300 1135 1326 ut
1165 1306 1220 1326 eos
1248 1300 1423 1339 oporteret
1452 1291 1606 1334 discere,
1628 1306 1799 1340 quaenam

121 1363 240 1389 essent
268 1354 437 1389 elementa
469 1355 601 1390 exordii
622 1367 823 1389 sermonum
844 1353 931 1399 Dei3
953 1362 987 1388 et
1015 1353 1098 1387 item
1125 1353 1197 1395 lac,
1220 1367 1289 1387 non
1320 1352 1461 1387 solidam
1487 1366 1622 1395 escam,
1645 1353 1800 1401 require-

122 1424 201 1449 rent
228 1417 254 1450 *ἶ
285 1414 393 1459 Quod
422 1415 450 1449 si
472 1424 652 1464 tantopere
675 1415 879 1450 obscuratae
901 1422 984 1449 sunt
1007 1414 1147 1448 illorum
1178 1413 1426 1460 cogitationes,
1451 1422 1483 1448 et
1514 1414 1729 1448 infatuatum
1751 1414 1800 1447 in-

118 1475 247 1523 sipiens
270 1475 465 1510 eorundem
487 1489 567 1518 cor,
587 1485 692 1524 atque
715 1475 757 1510 ad
781 1475 999 1522 evangelicae
1021 1474 1289 1523 praedicationis
1312 1474 1427 1509 radios
1449 1474 1674 1516 caecutiunt,
1696 1483 1728 1508 et
1748 1488 1800 1508 re-

118 1549 196 1570 rum
224 1534 427 1570 discrimina
456 1549 645 1582 agnoscere
673 1544 855 1583 nequeunt
884 1535 1022 1569 infinite
1043 1535 1182 1569 anobis
1212 1543 1426 1569 remotarum
1453 1543 1557 1582 atque
1586 1548 1681 1569 omni
1709 1548 1799 1568 com-

118 1596 295 1643 paratione
324 1597 515 1639 maiorum,
539 1597 621 1644 quia
649 1611 773 1644 nempe
802 1597 892 1631 inter
920 1605 1081 1631 sanctum
1103 1604 1137 1630 et
1164 1595 1341 1642 pollutum
1370 1596 1584 1642 distinguere
1613 1595 1796 1638 nesciunt,

117 1655 262 1690 audiant
283 1656 371 1704 quid
393 1657 441 1690 eis
463 1656 629 1703 evangelii
653 1656 808 1691 sacerdos
830 1656 945 1698 dicat,
967 1657 1112 1690 offusam
1140 1655 1294 1703 ipsorum
1319 1657 1503 1690 animabus
1531 1656 1714 1703 caliginem
1742 1656 1798 1690 de-

119 1724 317 1751 monstrans
338 1718 373 1752 ³³:
395 1722 417 1736 ‘²
442 1716 533 1764 quod
557 1716 585 1750 si
608 1725 659 1751 est
681 1725 841 1764 opertum
865 1715 1083 1763 evangelium
1103 1724 1286 1758 nostrum,
1310 1716 1345 1750 in
1375 1716 1416 1750 iis
1443 1716 1504 1764 qui
1531 1725 1679 1764 pereunt
1703 1731 1797 1764 oper-

121 1805 145 1819 „
175 1785 251 1811 tum
272 1785 332 1812 est.
361 1776 454 1811 Nam
475 1775 576 1811 Deus
605 1777 713 1811 huius
742 1776 871 1811 saeculi
894 1777 1088 1812 excaecavit
1110 1785 1244 1811 mentes
1274 1776 1489 1819 infidelium,
1511 1785 1551 1811 ut
1576 1791 1646 1811 non
1669 1777 1797 1824 fulgeat

120 1865 144 1880 „
172 1837 239 1871 illis
259 1837 470 1872 illuminatio
493 1837 662 1883 evangelii
687 1837 813 1883 gloriae
840 1836 980 1872 Christi.
1009 1837 1161 1885 insuper
1187 1838 1222 1873 δῖε
1247 1837 1326 1871 nolo
1355 1851 1411 1872 vos
1433 1837 1544 1871 socios
1568 1837 1641 1871 fieri
1663 1837 1798 1872 daemo—

119 1925 143 1939 „
171 1897 328 1932 niorum:
350 1911 423 1932 non
446 1897 585 1945 potestis
611 1897 754 1932 calicem
776 1896 918 1931 Domini
939 1897 1079 1940 bibere,
1102 1905 1135 1932 et
1158 1897 1300 1932 calicem
1323 1897 1607 1933 daemoniorum:
1632 1912 1703 1932 non
1726 1907 1798 1946 pot-

119 1986 143 2001 „
172 1959 253 1992 estis
278 1971 415 1992 mensae
441 1957 588 1992 Domini
613 1958 802 2006 participes
829 1971 901 1992 esse
917 1986 924 2000 ,
948 1966 982 1994 et
1005 1971 1141 1993 mensae
1167 1958 1442 1993 daemoniorum.
1469 1986 1491 2001 „

221 2018 479 2053 Existimabunt
500 2032 556 2053 me
578 2019 722 2053 sortasse
746 2032 901 2052 amarum
922 2027 1183 2061 accusatorem,
1206 2019 1377 2053 curiosius
1399 2020 1500 2054 multi
1529 2020 1590 2054 fidi
1617 2020 1724 2055 huius
1748 2034 1798 2055 er-

117 2080 204 2114 roris
233 2079 442 2113 diverticula
475 2087 764 2127 perscrutantem.
796 2078 866 2113 Sed
901 2087 1015 2114 tamen
1049 2079 1199 2114 veritatis
1234 2080 1476 2115 defensionem
1508 2095 1580 2115 non
1616 2081 1795 2123 deseram,

116 2139 284 2188 quamdiu
309 2139 431 2174 salutis
452 2149 588 2174 nostrae
610 2148 732 2174 auctor
754 2140 1069 2187 praevaricantium
1089 2140 1278 2175 dicacitate
1307 2149 1469 2189 tanquam
1491 2155 1575 2176 arcu
1599 2142 1741 2185 seritur,
1765 2150 1797 2176 et

119 2199 266 2234 ecclesia
284 2200 524 2235 vehementius
543 2200 741 2237 obsidetur:
759 2207 781 2221 ’ί
801 2200 877 2235 zelo
900 2201 994 2235 enim
1014 2201 1148 2236 zelatus
1169 2216 1243 2236 sum
1261 2216 1323 2249 pro
1344 2201 1497 2237 Domino
1513 2204 1539 2237 ᾗ.
1562 2201 1606 2236 Et
1624 2203 1719 2237 zelus
1736 2202 1796 2238 do-

119 2290 143 2304 ,.
173 2274 250 2296 mus
266 2269 348 2296 tuae
367 2261 520 2296 comedit
541 2275 595 2295 me
614 2263 640 2296 ξ.
660 2260 703 2295 Εἰ
722 2261 905 2309 opprobria
924 2262 1211 2310 exprobrantium
1230 2263 1292 2297 tibi
1315 2263 1520 2297 ceciderunt
1537 2278 1638 2311 super
1657 2277 1710 2298 me
1726 2265 1752 2298 ἦ
1772 2292 1794 2306 „

117 2322 331 2357 Sanctorum
359 2323 461 2357 effata
489 2322 576 2356 mihi
597 2336 753 2356 consona
774 2331 889 2358 crunt.
918 2321 1028 2357 Porro
1050 2323 1135 2357 mihi
1163 2323 1358 2358 sciscitanti
1385 2324 1420 2358 hi
1448 2324 1630 2372 perspicue
1657 2339 1795 2373 respon-

114 2382 202 2418 dere
230 2397 272 2417 ne
301 2392 469 2418 recusent
496 2385 521 2418 *.
554 2382 752 2418 Cuiusnam
782 2397 906 2431 corpus
927 2392 961 2418 et
984 2384 1192 2430 sanguinem
1217 2384 1302 2419 dum
1324 2385 1428 2419 sacris
1456 2394 1649 2433 operantur
1677 2386 1795 2420 immo-

115 2442 215 2478 lant?
242 2442 281 2477 Si
301 2443 445 2491 quidem
475 2444 611 2478 Christi
640 2443 817 2485 dixerint,
838 2444 915 2492 quis
944 2444 1018 2479 istis
1047 2445 1152 2479 fidem
1179 2445 1365 2481 adhibeat?
1389 2446 1449 2494 qui
1478 2446 1674 2481 inirabilem
1700 2447 1794 2481 illam

116 2503 373 2551 salutaremque
403 2504 687 2539 incarnationem
714 2503 922 2547 destruunt,
951 2505 1037 2540 dum
1066 2505 1224 2554 imperite
1255 2506 1430 2554 impieque
1460 2507 1674 2549 existimant,
1700 2508 1792 2542 haud

116 2564 182 2598 tale
210 2578 337 2612 eorpus
365 2564 526 2600 Verbum
554 2565 800 2613 assumpsisse,
823 2565 923 2613 quale
952 2574 1113 2600 nostrum
1143 2575 1213 2609 est,
1234 2567 1404 2602 vocabula
1432 2567 1486 2602 illa
1516 2582 1577 2603 sua
1607 2568 1794 2603 incircum-

116 2624 237 2672 scripti
258 2633 293 2659 et
320 2639 392 2659 non
420 2625 559 2660 limitati
589 2625 815 2673 impudenter
844 2626 1031 2669 iactantes,
1055 2635 1087 2661 et
1114 2627 1314 2675 phantasma
1343 2628 1542 2663 seeundum
1565 2628 1792 2663 Manichaeo-

118 2697 199 2719 rum
225 2699 334 2732 nugas
363 2687 618 2733 confingentes
648 2686 754 2732 Quod
777 2687 804 2721 si
828 2687 932 2722 etiam
961 2702 1086 2735 corpus
1115 2702 1187 2723 esse
1218 2689 1432 2732 concedant,
1455 2690 1628 2738 quomodo
1652 2689 1735 2723 illud
1759 2698 1790 2723 et

117 2745 162 2779 de
185 2745 295 2780 medio
314 2747 419 2782 simul
440 2747 585 2790 tollunt,
605 2756 640 2782 et
662 2748 881 2783 sacrificant?
902 2747 972 2783 Sed
996 2749 1116 2783 missos
1138 2749 1207 2783 iam
1225 2750 1394 2785 faciamus
1413 2752 1446 2787 *ἢ
1466 2751 1596 2785 etenim
1617 2764 1704 2798 quae
1726 2750 1790 2796 ipsi
1826 2761 1836 2770 ‘

116 2805 208 2853 apud
229 2805 407 2853 imperitos
434 2807 599 2842 blaterare
628 2808 762 2850 solent,
787 2821 825 2843 ea
846 2822 907 2842 nos
928 2822 1100 2855 nugarum
1123 2817 1157 2843 et
1182 2809 1404 2845 absurditatis
1428 2810 1626 2858 plenissima
1653 2809 1790 2856 despui-

116 2877 209 2902 mus:
228 2879 309 2901 nam
332 2875 448 2915 utpote
469 2868 759 2916 praevaricatores
781 2882 890 2904 meras
912 2869 1045 2904 fabulas
1066 2870 1166 2904 nobis
1188 2879 1339 2905 narrant.
1365 2879 1386 2892 ‘⁴
1414 2871 1484 2906 Sed
1507 2871 1589 2905 haee
1614 2884 1685 2904 non
1708 2879 1789 2905 sunt

1651 2941 1683 2965 23

1835 331 1843 340 t
1864 328 1959 349 Mal-acti.
1975 329 1991 349 1.
2010 331 2039 350 ti.

1834 503 2039 552 {IltliRegXVllL

1835 1059 1843 1068 ·
1858 1057 1874 1077 t.
1889 1058 1941 1079 cnr,
1958 1057 1994 1079 nt.
2010 1060 2030 1079 2.

1835 1425 1845 1433 ·
1861 1422 1929 1443 mbr.
1947 1421 1973 1443 Υ.
1992 1426 2020 1444 12·v

1832 1728 1842 1739 '
1857 1728 1884 1749 ΙΙ.
1900 1728 1954 1749 Cor.
1969 1728 2006 1749 [V.
2020 1732 2040 1749 3.

1832 1853 1841 1862 ’
1859 1852 1874 1872 1.
1890 1852 1942 1873 Cor.
1957 1852 1982 1872 X.
2000 1856 2033 1873 ιω.

1834 2027 1872 2048 Cr.
1887 2033 1909 2054 71.
1924 2029 1955 2049 St.

1832 2202 1892 2249 2111.
1910 2201 1963 2227 Rea.
1980 2202 2038 2223 XtX.

1845 2235 1856 2246 n

1831 2266 1841 2276 '
1857 2263 1906 2285 toti.
1923 2265 1950 2285 ΙΙ,
1967 2267 1997 2285 17.

1830 2292 1840 2302 '
1853 2291 1887 2311 lu.
1897 2290 1994 2311 vattl.
2006 2294 2028 2311 [o

1829 2396 1839 2406 *
1856 2401 1888 2421 gr⁴
1904 2392 2011 2418 dimmi-

1830 2439 1916 2454 νῖαντω
