2203 3331
776 171 838 194 PRO
864 169 993 194 SANCTIS
1018 167 1219 191 lMAGmmrs.
1768 157 1838 190 243

162 228 332 264 mandata.
361 226 488 274 Neque
518 234 567 260 est
593 225 686 274 quod
711 225 850 261 dicant:
875 224 1008 272 Moysis
1029 223 1093 257 1100
1116 222 1184 256 suit
1212 236 1297 270 opus
1312 250 1319 264 ,
1340 223 1516 257 humanus
1538 221 1732 268 cogitatus,
1753 221 1837 256 artis

163 298 302 325 nostrae
330 287 533 336 opificium3
556 300 637 322 nam
664 286 741 322 Deo
768 286 909 321 volente
929 298 968 320 ac
991 282 1225 332 praecipiente
1253 283 1286 316 id
1314 291 1429 317 actum
1459 283 1533 318 suit.
1563 282 1651 328 Quis
1676 282 1838 317 dubitet?

163 350 318 384 Yideant
340 362 420 383 sane
441 348 580 383 nullum
599 347 680 382 heic
704 361 774 382 0550
795 346 975 393 aenigma,
995 344 1082 379 nihil
1109 344 1320 378 obscurum.
1344 344 1429 377 nihil
1459 344 1640 385 obliquum
1667 343 1717 377 vel
1740 343 1773 376 in
1796 343 1840 377 al-

163 410 300 457 legoriis
326 409 487 457 positum.
516 408 563 443 Hi
590 408 784 449 inanimes,
805 421 911 441 sensu
938 405 1061 447 vacui,
1082 418 1224 453 prorsus
1253 404 1466 443 immobiles,
1495 420 1533 437 ‹vx
1565 403 1705 438 inanimi
1733 413 1838 452 atque

162 470 358 505 irrationali
379 470 522 504 materia
544 467 733 517 compacti,
756 467 930 503 caelatura
950 474 1087 501 tantum
1109 473 1143 500 et
1166 464 1349 512 splendore
1372 466 1611 512 materiaeque
1637 464 1785 511 puritate.
1807 473 1840 498 et

163 530 306 565 artificis
335 530 505 577 sapientia
533 537 770 577 praestantcS,
792 527 828 561 hi
857 527 1002 575 inquam
1031 525 1151 560 eadem
1175 538 1242 572 qua
1271 523 1480 558 sanctissimi
1505 524 1723 567 (Llwrubini,
1744 524 1839 559 rivae

165 591 323 633 50111001,
347 591 480 626 activae
509 599 542 625 et
570 597 736 638 perpetuo
758 602 793 623 50
815 596 995 623 moventes
1022 585 1198 635 potentiae
1214 615 1222 627 ,
1244 584 1471 632 appellatione
1495 585 1534 618 ab
1558 585 1736 619 universali
1768 583 1840 620 Deo

163 652 284 686 donati
312 653 428 688 suere:
451 665 525 686 non
549 649 837 685 Cherubinorum
864 647 1006 690 icones,
1027 661 1098 681 non
1121 645 1391 681 similitudines,
1418 659 1484 677 :ion
1517 659 1692 692 expressas
1714 646 1841 690 figuras

165 712 367 760 appellavit,
390 712 450 747 sed
473 710 593 746 eodem
616 723 757 759 prorsus
779 709 921 744 nomine
950 722 1035 744 usus
1056 716 1106 742 est
1128 707 1214 742 dum
1242 707 1460 754 praeciperet
1487 705 1579 739 licus
1594 734 1601 747 ,
1626 720 1784 754 puroque
1808 714 1843 741 et

167 772 297 808 diserto
320 772 488 808 vocabulo
512 770 738 807 Cherubinos
761 770 959 805 nominavit.
986 769 1164 804 Pudorem
1186 767 1331 803 incutiat
1355 766 1563 807 incredulis,
1587 767 1844 801 recusantibus—

165 847 233 882 que
262 835 442 869 veritatem
469 833 641 868 dictorum
667 832 814 875 sectari,
840 830 1125 867 Cherubinorum
1151 843 1281 864 nomen
1303 828 1429 876 septies
1450 828 1515 862 hoc
1538 827 1613 862 loco
1637 836 1844 875 usurpatum

165 904 200 930 et
222 895 514 943 pronunciatum,
537 902 572 928 et
591 893 786 928 honorabili
806 892 899 941 apud
920 893 1123 941 inspiratam
1144 891 1353 938 scripturam
1374 902 1523 924 numero
1546 890 1595 936 (1)
1617 887 1844 934 insignitum3

166 963 207 990 ut
228 963 304 990 tum
325 954 591 1003 pronunciantis
612 967 744 988 summa
763 953 971 988 auctoritate
984 981 992 995 ,
1011 961 1083 987 111111
1106 950 1247 986 numeri
1269 949 1470 991 nobilitate,
1488 963 1542 983 res
1561 949 1646 983 haec
1666 948 1845 996 utrimque

164 1014 208 1049 sit
236 1014 451 1050 inviolabilis.
481 1013 520 1048 Si
541 1028 620 1060 crgo
643 1013 924 1048 Christianorum
945 1012 1108 1047 instituta
1132 1012 1168 1045 hi
1188 1010 1310 1045 miseri
1332 1017 1529 1058 respuunt,
1550 1008 1699 1043 Iudaeos
1726 1008 1846 1044 saltem

166 1075 371 1118 imitentur,
390 1089 435 1110 ne
458 1076 551 1110 forte
567 1075 620 1109 his
637 1088 778 1123 quoque
801 1073 1056 1109 increduliores
1075 1079 1265 1121 appareant
1286 1079 1318 1105 et
1335 1069 1623 1105 contumaciores.
1642 1069 1846 1117 Numquam

167 1136 263 1170 enim
291 1136 369 1170 ausi
397 1143 482 1170 sunt
509 1135 633 1170 ludaei
656 1134 879 1170 Cherubinos
908 1134 1085 1169 idolorum
1106 1132 1249 1167 nomine
1277 1131 1528 1172 dehonestare,
1551 1129 1685 1165 etiamsi
1709 1129 1845 1164 divinae

168 1197 344 1243 religionis
373 1211 475 1245 saepe
505 1196 624 1240 obliti,
655 1197 746 1231 idola
776 1210 896 1231 errore
926 1195 1069 1244 decepti
1097 1195 1297 1230 coluerunt.
1326 1192 1395 1235 Hi,
1425 1193 1595 1241 inquam,
1624 1191 1846 1226 honorabiles

167 1257 313 1292 omniuo
335 1257 429 1305 apud
450 1270 509 1293 eos
527 1257 786 1305 venerandique
804 1257 968 1302 fuerunt3
988 1256 1094 1291 immo
1114 1255 1199 1290 adeo
1218 1252 1450 1296 venerabiles,
1467 1261 1506 1288 ut
1524 1252 1721 1287 mortalium
1742 1265 1845 1286 nemo

168 1326 266 1352 metu
295 1332 333 1352 ac
362 1318 531 1365 religione
552 1317 596 1353 ad
617 1318 703 1353 haec
731 1326 848 1353 sancta
876 1316 1082 1361 accederet;
1106 1328 1258 1364 namque
1281 1314 1317 1349 in
1342 1314 1494 1363 priorem
1520 1313 1664 1361 quidem
1693 1313 1848 1347 taberna—

170 1378 242 1412 culi
262 1386 396 1426 partem
415 1378 701 1425 ingrediebantur
721 1391 854 1426 semper
874 1377 1072 1412 sacerdotes
1095 1376 1137 1410 ad
1159 1389 1257 1412 sacra
1277 1374 1457 1415 facienda,
1478 1374 1558 1422 quia
1576 1387 1654 1421 pars
1672 1373 1756 1407 haec
1777 1373 1848 1407 adi-

169 1438 249 1473 bilis
277 1447 351 1473 erat
378 1439 498 1474 multis
527 1453 566 1474 ac
593 1439 695 1474 facile
724 1447 857 1487 patens.
884 1437 1134 1473 Verumtamen
1164 1436 1357 1486 penetralia
1384 1443 1461 1483 post
1488 1435 1604 1477 illam,
1631 1434 1728 1470 nullo
1756 1433 1846 1482 pede

169 1499 293 1534 calcari
315 1507 504 1546 poterant,
525 1500 593 1534 nisi
615 1499 708 1548 quod
729 1499 889 1548 pontifici
915 1499 1064 1533 maximo
1086 1497 1194 1533 semel
1216 1498 1254 1532 in
1276 1510 1367 1532 anno
1388 1496 1431 1531 ad
1451 1495 1574 1542 legales
1596 1495 1681 1530 ritus
1703 1494 1773 1529 illie
1797 1509 1849 1530 ex-

172 1559 370 1606 sequendos
396 1559 538 1606 ingredi
561 1559 698 1594 licebat.

274 1619 359 1654 Ideo
377 1619 617 1655 sanctissimae
638 1620 699 1654 hae
722 1619 900 1668 potentiae
920 1618 1039 1653 divino
1063 1618 1228 1653 mandato
1250 1618 1455 1664 figurantur.
1477 1615 1613 1651 Idcirco
1635 1615 1759 1650 eodem
1775 1628 1850 1649 530-

171 1689 308 1716 ctorum
336 1681 606 1730 archetyporum
632 1680 776 1716 nomine
806 1679 1047 1729 appellantur,
1067 1679 1103 1714 hi
1131 1679 1194 1728 qui
1223 1692 1330 1726 super
1356 1676 1638 1726 propitiatorium
1667 1675 1849 1711 constituti

171 1750 254 1776 sunt
275 1741 373 1776 aurei
395 1740 617 1787 Cherubini3
638 1741 833 1789 meritoque
855 1740 956 1775 nohis
977 1740 1188 1776 exhibentur
1208 1752 1329 1776 rerum
1349 1740 1460 1773 forma
1483 1737 1682 1773 carentium
1702 1737 1828 1771 formae
1841 1764 1849 1777 ,

171 1810 206 1836 01
232 1816 302 1836 11011
330 1802 560 1849 figuratarum
586 1803 728 1849 figurae.
756 1801 810 1836 Ita
836 1809 877 1836 ut
903 1809 999 1836 recte
1028 1800 1225 1836 dicendum
1252 1799 1317 1842 sit,
1340 1798 1538 1834 secundum
1568 1797 1708 1832 edoctos
1733 1810 1752 1831 a
1771 1795 1849 1831 Deo

171 1871 287 1910 patres
309 1872 463 1905 nostros,
482 1863 701 1911 inclytosque
723 1862 891 1898 ecclesiae
913 1862 1040 1905 duces,
1057 1861 1151 1910 quod
1174 1874 1256 1897 cum
1275 1861 1318 1896 sit
1340 1860 1512 1908 impotens
1532 1859 1712 1908 proportio
1730 1865 1847 1893 nostra

171 1924 214 1958 ad
243 1923 501 1959 intellectuales
529 1923 682 1958 theorias
711 1924 842 1972 absque
871 1922 1086 1958 intermedio
1113 1920 1482 1970 comprehendendas,
1507 1928 1675 1968 egeatque
1702 1917 1849 1967 propriis

175 1992 207 2018 et
229 1984 447 2019 naturalibus
470 1984 795 2020 introductionibus
809 2012 818 2027 ,
839 1998 928 2033 quae
950 1982 1284 2032 comprehensibiles
1304 1982 1407 2016 nobis
1432 1980 1594 2016 exhibent
1615 1981 1738 2015 formas
1760 1978 1852 2014 obie-

175 2053 312 2079 ctorum
332 2044 407 2079 sine
429 2045 540 2091 figura
563 2059 601 2080 ac
624 2044 967 2093 supernaturalium3
986 2052 1037 2079 est
1054 2044 1177 2092 utique
1193 2043 1258 2078 hoc
1274 2043 1412 2077 divinae
1432 2041 1596 2077 bonitatis
1617 2049 1851 2089 paternaeque

177 2118 258 2151 erga
276 2119 338 2140 nos
359 2105 599 2153 providentiae
627 2106 862 2148 beneficium,
885 2113 927 2140 ut
954 2104 1264 2153 supercaelestium
1292 2111 1503 2152 potestatum
1528 2101 1686 2149 figuratis
1707 2101 1744 2136 in
1765 2113 1854 2149 sym-

176 2164 262 2200 bolis
283 2173 437 2200 mentem
453 2174 609 2201 nostram
630 2166 899 2201 sustollentibus
916 2165 1132 2200 demonstret
1148 2164 1404 2206 beatitudines,
1422 2162 1590 2198 materiali
1606 2161 1852 2198 manuductio·

177 2239 220 2260 ne
248 2225 379 2261 utendo
400 2226 442 2260 ad
463 2239 610 2261 suarum
629 2226 883 2275 proprietatum
907 2225 1139 2260 imitationem
1161 2233 1195 2260 et
1214 2223 1554 2272 contemplationem.
1586 2229 1633 2268 cr?
1664 2222 1712 2257 At
1735 2222 1850 2265 enim,

182 2292 229 2330 ῥ’)
260 2286 430 2335 inquiunt
458 2286 665 2330 adversarii,
687 2286 904 2322 concedatur
931 2300 1013 2321 sane
1041 2285 1257 2321 tabernaculi
1285 2283 1505 2320 Cherubinos
1532 2297 1551 2318 a
1570 2281 1648 2318 Deo
1676 2297 1774 2318 suam
1800 2296 1852 2318 ac-

183 2356 230 2393 <5³
261 2348 392 2396 cepisse
421 2349 708 2397 appellationcln3
733 2348 916 2384 undenam
941 2356 1059 2383 tamen
1086 2348 1169 2396 ipsis
1191 2347 1317 2394 gloriae
1342 2346 1501 2382 maiestas
1528 2344 1778 2381 adtribuetur?
1801 2350 1848 2389 (τ’)

179 2407 301 2443 Primo
328 2408 482 2451 scilicet,
503 2410 587 2457 quia
608 2408 679 2444 Dei
708 2417 936 2457 praeceptum
963 2417 1033 2455 est;
1056 2408 1224 2457 quicquid
1248 2416 1364 2442 autem
1388 2405 1530 2442 mandat
1552 2404 1652 2441 Deus
1675 2405 1727 2440 vel
1748 2405 1852 2447 facit,

180 2469 216 2504 id
244 2478 295 2505 est
322 2470 545 2507 venerabile:
574 2470 662 2505 nihil
691 2470 786 2505 enim
815 2471 944 2505 frustra
972 2478 1035 2505 aut
1062 2483 1191 2504 vanum
1219 2469 1261 2504 ab
1289 2482 1329 2503 eo
1358 2466 1529 2516 procedit.
1558 2466 1635 2502 Hoc
1664 2466 1853 2514 comperire

181 2530 293 2579 quivis
318 2539 435 2579 potest
461 2531 496 2566 in
526 2531 600 2579 ipsa
627 2531 851 2578 cosmogonia
881 2544 1099 2578 expressum:
1120 2536 1143 2551 “
1168 2529 1251 2564 ν1(111
1279 2529 1373 2564 enim
1388 2558 1396 2572 ,
1418 2529 1553 2578 inquit,
1573 2527 1695 2573 Deus;
1716 2536 1749 2562 et
1771 2540 1852 2562 ecce

183 2618 206 2633 ‚,
234 2591 349 2637 omnia
371 2599 468 2626 erant
488 2590 583 2626 valde
605 2592 699 2626 bona
722 2593 748 2627 ἦ
775 2620 798 2634 ,,
819 2590 961 2626 Deinde
989 2590 1074 2639 quid
1102 2591 1141 2625 ni
1167 2590 1236 2628 sint
1264 2590 1301 2625 hi
1328 2590 1486 2637 gloriosi,
1507 2588 1602 2624 unde
1626 2588 1723 2623 Deus
1744 2595 1777 2622 et
1798 2601 1852 2635 ap-

180 2659 276 2698 paret
295 2660 329 2686 et
348 2652 576 2699 agnoscitur?
605 2650 703 2698 Quid
725 2652 817 2687 enim
838 2652 953 2687 divina
973 2652 1124 2687 statione
1147 2651 1351 2699 gloriosius?
1373 2650 1427 2686 vel
1448 2650 1533 2699 quid
1553 2649 1722 2684 illustrius
1743 2648 1829 2682 locis
1843 2675 1851 2691 ,

182 2712 215 2745 10
244 2712 371 2760 quihus
400 2713 471 2761 ipse
494 2727 531 2748 ea
552 2728 619 2762 qua
646 2713 719 2748 vult
741 2714 873 2749 ratione
898 2712 1052 2749 residet?
1078 2712 1267 2748 Undenam
1289 2711 1389 2747 Sinai
1410 2711 1521 2747 monti
1549 2710 1675 2759 gloria,
1700 2717 1733 2744 et
1760 2721 1852 2744 reve-

265 2845 300 2877 r'l)
318 2844 392 2872 Dicit
408 2847 615 2880 septenarium,
635 2847 664 2873 in
683 2847 767 2874 sacris
786 2845 880 2875 bibliis
898 2845 1016 2877 celebre,
1037 2845 1070 2873 de
1088 2853 1143 2881 quo
1163 2844 1335 2880 peculiariter
1353 2844 1461 2880 scripsit
1480 2843 1567 2871 Philo.

1889 2240 1927 2262 Gr.
1943 2246 1965 2267 p.
1983 2242 2026 2261 117.

1890 2604 1899 2613 ’
1913 2603 1969 2624 Gen.
1986 2602 2001 2623 1.
2018 2604 2049 2622 21.
