2203 3331
590 213 755 236 ‚invenst’s
782 211 1028 235 uoxsmxrismt
1055 210 1290 234 COt'RONYMt'M.
1725 202 1789 234 1:35

97 273 282 310 clementia
296 300 304 314 ‚
325 284 416 320 quae
448 270 672 318 peccantium
693 281 843 316 poenam
864 267 936 302 sine
959 266 1071 302 dubio
1092 265 1250 307 distulit,
1274 266 1432 313 ipsorum
1456 266 1708 315 paenitentiam
1736 282 1790 302 ex·

96 343 252 383 pectans.
282 331 354 367 Sed
384 331 479 366 enim
507 330 595 365 mihi
623 328 797 364 hodierna
824 336 968 376 peecata
991 326 1122 361 maiora
1144 325 1256 360 multo
1281 327 1455 362 videntur.
1486 327 1581 373 Quia
1610 328 1715 376 prisci
1737 328 1787 362 illi

94 396 258 430 adversus
288 401 483 428 ereaturam
511 391 757 431 insanierunt,
779 389 816 422 hi
841 397 962 423 contra
984 386 1181 422 Dominum
1204 395 1388 421 creaturae
1418 388 1550 423 rabiem
1577 401 1677 423 suani
1707 402 1788 423 0011-

96 456 280 491 tumeliose
309 461 629 502 exprompserunt3
658 450 768 499 primo
802 449 948 497 quidem
976 448 1133 482 divinum
1162 462 1285 495 corpus
1320 449 1561 483 excruciantes
1598 450 1787 498 crucisque

93 518 243 552 acerbae
266 516 348 550 neci
368 514 573 549 addicentes
588 542 595 555 ‚
618 511 747 547 deinde
777 510 943 545 adversus
972 509 1129 544 eiusdem
1158 510 1310 556 corporis
1333 523 1447 543 sacras
1476 509 1642 557 imagines
1664 510 1788 545 debac-

93 579 248 613 chantes.
279 576 520 622 Quamobrem
541 573 637 609 haud
658 587 693 607 se
716 572 903 607 continere
926 570 1046 619 quieta
1068 570 1241 605 elementa
1263 579 1456 618 potuerunt
1478 579 1631 605 creatore
1655 585 1718 606 suo
1742 572 1788 605 of-

95 640 192 673 fenso
208 667 215 681 ,
238 638 301 674 sed
330 637 486 672 dolorem
516 635 693 669 Insolitum
714 634 757 667 ob
779 646 855 667 eam
883 632 1073 666 novitatem
1101 645 1198 679 passa
1226 640 1317 666 sunt.
1346 631 1532 666 Mutamus
1558 632 1678 666 dicere
1703 641 1787 681 quot

93 699 205 733 civilia
234 698 322 733 bella
350 698 414 732 hae
444 708 562 731 rerum
588 694 684 729 vices
708 693 872 728 adversus
897 692 1118 727 Christianos
1149 692 1384 734 crine-itarint,
1407 705 1495 740 quae
1521 692 1667 739 longum
1697 702 1787 727 esset

94 768 129 795 ct
154 759 441 808 operosissimum
467 769 636 791 enarrare.

199 821 256 870 67.
288 819 360 854 Sed
386 817 487 853 valde
517 816 678 852 exultant
699 816 736 850 hi
756 815 893 850 heluini
922 828 960 849 ac
989 814 1126 857 stolidi,
1150 814 1251 863 quasi
1276 814 1452 862 prosperis
1480 814 1703 848 successibus
1725 814 1786 849 sso—

92 889 233 923 rentes,
256 889 290 915 et
310 879 528 927 superbiunt.
556 878 607 913 At
629 877 724 912 enim
746 891 834 925 quae
857 876 977 923 lingua
1000 884 1196 923 temporum
1222 875 1357 909 illorum
1384 874 1588 923 penuriam,
1612 883 1647 909 et
1669 888 1709 908 ex
1731 889 1786 922 pe—

92 943 197 977 nuria
217 941 427 976 calamitates
456 939 588 986 tragice
617 938 800 973 narrabit?
827 936 914 972 Fuit
942 937 1034 971 enim
1061 951 1182 985 reapse
1211 938 1319 971 fames
1346 936 1503 971 omnium
1531 936 1729 983 gravissima
1752 944 1783 970 et

89 1001 312 1037 acerbissima
326 1030 333 1043 ,
357 1015 446 1049 quac
468 1015 585 1048 neque
607 1007 790 1047 praesente
820 999 883 1033 hae
913 998 981 1033 iam
1008 998 1199 1046 incipiente
1214 1027 1221 1041 ‚
1243 1012 1361 1046 neque
1389 998 1545 1046 antiquis
1567 997 1660 1045 apud
1682 997 1786 1032 histo-

89 1063 179 1097 ricos
208 1063 429 1104 memoratis,
452 1062 568 1096 minor
597 1060 733 1100 extitit;
757 1068 863 1107 atque
892 1059 987 1093 illam
1013 1073 1101 1107 quae
1125 1059 1463 1107 Hierosolymitanos
1492 1059 1649 1093 obsessos
1679 1059 1786 1093 corri-

88 1124 189 1171 puit,
213 1137 320 1172 prope
351 1122 566 1171 exaequavit.
595 1121 689 1156 Nam
710 1129 743 1155 et
765 1121 834 1155 illic
849 1148 857 1163 ,
880 1129 921 1155 ut
949 1128 1113 1163 narrant,
1136 1122 1224 1155 same
1253 1134 1387 1168 pressae
1419 1120 1714 1167 excruciataeque
1736 1120 1785 1153 in-

90 1184 213 1218 felices
234 1192 361 1218 matres
380 1191 499 1231 partus
519 1182 651 1231 proprii
670 1196 791 1216 carnes
813 1181 1058 1216 miserabiliter
1080 1190 1287 1228 gustarunt„
1306 1184 1435 1215 natura
1457 1181 1513 1215 sui
1533 1180 1785 1228 propemodum

90 1244 208 1279 oblita.
237 1244 283 1279 Et
303 1244 396 1292 apud
419 1258 482 1279 1105
504 1244 623 1278 cadem
654 1243 848 1277 calamitate
870 1242 1014 1277 adactae
1035 1243 1167 1277 ventris
1196 1243 1251 1277 sui
1276 1244 1388 1277 foetus
1415 1242 1579 1276 mulieres
1601 1255 1785 1276 aerumno-

88 1319 146 1340 sae
175 1305 388 1341 vendentes.
412 1306 529 1339 cibum
556 1304 620 1339 sibi
646 1318 686 1338 ex
710 1303 882 1338 viscerum
910 1317 1055 1338 suorum
1084 1303 1310 1338 distractione
1338 1304 1517 1339 curabant.
1546 1302 1661 1337 Aiunt
1690 1303 1783 1337 enim

88 1367 143 1401 vix
171 1366 427 1414 quinquaginta
457 1365 573 1400 aureis
602 1364 707 1399 tritici
735 1363 892 1398 modium
920 1364 1069 1412 penuria
1097 1374 1278 1413 premente
1309 1365 1418 1399 coemi
1447 1364 1613 1412 potuisse.
1642 1363 1686 1398 Et
1712 1363 1782 1397 illie

87 1427 234 1474 quidem
255 1427 407 1461 hostium
432 1427 609 1465 incursio,
632 1425 824 1460 diuturnae
847 1425 1040 1459 obsidionis
1062 1426 1238 1473 spatium,
1262 1425 1362 1460 urbis
1387 1425 1583 1467 conclusio,
1606 1433 1782 1472 tamquam

86 1487 173 1529 reti,
195 1488 236 1522 ab
265 1488 421 1522 exercitu
451 1496 594 1535 captae,
617 1487 819 1521 calamitatis
849 1487 922 1521 eius
946 1495 979 1521 et
1003 1486 1295 1521 inenarrabilium
1323 1487 1494 1521 malorum
1523 1500 1645 1521 causae
1674 1495 1782 1520 erant.

86 1548 195 1596 Apud
218 1563 280 1583 nos
302 1558 420 1583 autem
442 1563 516 1583 non
537 1549 764 1583 barbarorum
786 1548 963 1591 incursio,
984 1562 1056 1582 non
1079 1548 1233 1583 hostium
1256 1547 1444 1591 adventus,
1465 1562 1536 1582 non
1560 1548 1643 1582 valla
1665 1548 1705 1581 ab
1727 1547 1782 1581 ad-

84 1610 244 1644 versariis
275 1611 524 1647 circumiecta,
547 1624 664 1658 neque
693 1609 791 1644 aliud
816 1609 999 1658 quodlibet
1028 1610 1182 1644 exterius
1197 1639 1204 1648 ,
1227 1609 1283 1644 sed
1307 1610 1441 1644 oflensa
1467 1609 1574 1647 fides.
1598 1608 1780 1643 manifeste

83 1670 120 1704 id
145 1671 333 1706 efficiebat.
363 1671 455 1706 Nam
478 1671 539 1719 qui
561 1671 653 1718 apud
676 1684 739 1705 nos
762 1671 929 1717 regnabat
949 1679 1105 1719 apostata
1128 1679 1162 1705 et
1182 1679 1353 1718 tyrannus
1369 1699 1376 1712 ,
1398 1670 1520 1718 quovis
1543 1670 1689 1705 inimico
1719 1678 1781 1704 aut

84 1731 183 1766 hoste
212 1745 274 1779 per
302 1745 400 1766 suam
428 1732 637 1779 apostasiam
666 1731 836 1766 insensior
864 1740 935 1766 erat
959 1740 994 1766 et
1015 1732 1178 1780 asperior.
1210 1731 1279 1765 Sed
1310 1731 1360 1765 illi
1388 1731 1533 1779 quidem
1554 1744 1696 1765 suorum
1725 1730 1781 1764 ad-

83 1806 203 1827 versus
227 1791 411 1827 Christum
439 1793 641 1827 facinorum
668 1806 796 1840 poenas
824 1792 990 1838 luerunt:
1018 1801 1052 1827 et
1074 1793 1109 1827 hi
1130 1792 1240 1827 nostri
1264 1792 1408 1840 paribus
1430 1791 1528 1826 malis
1557 1791 1682 1826 irretiti
1709 1792 1780 1826 sue-

82 1862 185 1889 runt:
209 1867 306 1888 unus
330 1853 461 1901 quippe
491 1853 655 1901 idemque
684 1854 728 1887 ab
751 1853 920 1888 ambobus
945 1855 1102 1888 offensus
1123 1854 1247 1888 suerat.
1277 1852 1371 1887 llaec
1393 1853 1530 1887 dixinae
1552 1852 1706 1887 iustitiae
1729 1852 1780 1886 ira

83 1913 169 1959 t'uit3
188 1914 277 1948 hanc
297 1912 365 1948 Dei
387 1914 581 1948 offensores
599 1913 801 1949 mercedem
821 1914 920 1949 illinc
942 1916 1112 1950 referunt.
1138 1913 1237 1959 Quae
1256 1913 1346 1947 nihil
1366 1913 1625 1948 considerantes
1648 1911 1777 1947 Christi

84 1975 197 2009 hostes
211 2003 220 2018 ‚
242 1974 374 2010 nolunt
396 1974 609 2022 intelligere,
631 1975 729 2023 quod
759 1975 851 2010 sicut
874 1975 957 2010 olim
979 1975 1141 2010 iudaicus
1170 1975 1341 2023 populus,
1364 1975 1406 2008 ob
1428 1974 1605 2009 Manassis
1634 1973 1780 2008 Iudaeo-

83 2049 165 2069 rum
191 2035 281 2082 regis
310 2035 478 2070 adversus
504 2035 627 2071 Deum
657 2037 831 2079 offensas,
852 2050 985 2084 poenas
1017 2036 1098 2070 totis
1125 2035 1352 2084 quadraginta
1380 2034 1479 2070 annis
1506 2035 1622 2076 dedit‚
1646 2043 1679 2068 et
1705 2034 1779 2082 plu—

81 2096 187 2130 rimas
212 2096 520 2145 intolerandasque
548 2097 760 2132 calamitates
781 2098 949 2146 pertulitg
975 2107 1009 2132 et
1032 2106 1150 2146 postea
1180 2097 1284 2132 etiam
1299 2126 1307 2139 ,
1330 2097 1558 2144 regnantibus
1582 2096 1711 2144 pietate
1738 2110 1777 2130 ac

82 2156 219 2191 iustitia
239 2158 460 2205 principibus
482 2158 640 2206 inclytisg
661 2160 706 2193 ita
726 2159 859 2207 pariter
881 2160 924 2195 ol]
948 2159 1243 2207 irreligiositatem
1265 2168 1367 2207 atque
1388 2158 1584 2206 nequitiam
1600 2157 1777 2192 Manassis

82 2218 213 2259 nostri,
237 2226 271 2252 et
299 2227 404 2253 antea
433 2219 652 2265 gravissimas
678 2219 871 2255 Christiani
895 2222 1027 2270 experti
1050 2230 1133 2256 sunt
1155 2221 1395 2268 correptiones
1411 2248 1418 2262 ,
1440 2228 1474 2254 et
1495 2233 1594 2254 1111110
1615 2233 1680 2253 1105
1703 2232 1778 2266 per-

81 2278 250 2321 ferimus,
273 2292 391 2327 neque
413 2279 494 2314 finis
517 2280 734 2328 corripiendi
756 2281 844 2324 erit,
868 2282 1035 2330 quamdin
1059 2282 1154 2316 illius
1184 2282 1281 2329 impii
1311 2281 1445 2315 mentio
1470 2281 1506 2315 in
1530 2288 1776 2315 consectaneo-

80 2352 160 2372 rum
188 2338 306 2385 lingna
334 2341 513 2388 perstabit.
544 2339 664 2386 Quare
693 2356 790 2377 nunc
819 2356 962 2391 quoque
991 2343 1195 2390 tempestive
1223 2342 1381 2378 dicetur:
1404 2350 1438 2376 et
1458 2341 1607 2389 populus
1629 2355 1699 2375 11011
1723 2349 1775 2375 051

83 2428 106 2441 ea
136 2413 345 2443 conversus,
364 2400 480 2435 donec
505 2401 600 2436 clade
623 2416 810 2450 percussus
832 2403 921 2449 fuit3
940 2412 974 2438 et
995 2402 1193 2438 Dominum
1215 2417 1286 2438 non
1310 2402 1574 2451 requisiverunt
1590 2403 1616 2438 *ἦ
1637 2430 1659 2444 ,,
1679 2401 1773 2437 Eece

78 2460 176 2495 enim
198 2461 239 2495 ab
262 2461 467 2496 orthodoxia
490 2471 691 2497 nostrorum
713 2463 933 2510 dogmatum,
954 2472 986 2498 et
1008 2463 1076 2498 Dei
1099 2464 1240 2499 iudiciis
1262 2463 1485 2500 damnantur.
1507 2462 1552 2498 Et
1573 2463 1774 2512 percutiun-

79 2530 135 2556 tur
159 2522 325 2570 quidem,
350 2537 422 2558 non
448 2532 566 2558 tamen
592 2533 859 2561 convertuntur.

184 2582 242 2618 68.
270 2581 440 2632 Denique
469 2584 566 2632 quod
594 2585 645 2620 vel
676 2585 824 2620 maxime
853 2585 1004 2620 istorum
1032 2585 1246 2633 impietatem
1274 2586 1386 2634 palam
1408 2586 1514 2628 facit,
1538 2585 1573 2620 id
1602 2599 1664 2632 ego
1692 2584 1771 2619 nolo

78 2650 204 2690 sponte
233 2644 405 2680 omittere.
434 2644 527 2680 Nam
554 2646 637 2694 quia
658 2656 790 2694 paucos·
813 2654 892 2681 ante
920 2661 1030 2681 annos
1045 2675 1052 2689 ‚
1074 2647 1245 2695 principis
1274 2647 1423 2682 feminae
1439 2676 1446 2690 ,
1469 2646 1693 2682 orthodoxiae
1723 2659 1772 2679 or—

77 2705 439 2753 namentoinclytae,
457 2706 570 2753 regale
592 2707 773 2754 fastigium
791 2708 945 2742 tenentis
966 2710 1015 2755 (1)
1029 2736 1036 2750 s
1058 2708 1190 2743 mirum
1208 2717 1241 2742 et
1260 2708 1421 2743 divinum
1440 2708 1599 2743 studium
1619 2721 1681 2755 pro
1703 2706 1770 2741 sule

78 2772 195 2799 nostra
225 2767 442 2810 exserentis,
464 2767 627 2815 spiritum
655 2767 753 2803 Deus
783 2768 983 2804 suscitavit.
1013 2777 1115 2817 atque
1145 2769 1180 2803 hi
1209 2769 1366 2812 scelesti‚
1395 2769 1487 2804 edito
1516 2768 1685 2803 divinitus
1713 2766 1769 2800 de—

155 2899 176 2920 .1
211 2895 316 2923 Videsis
336 2897 542 2926 adnotationem
564 2899 598 2925 ad
619 2903 722 2926 textum
743 2907 882 2934 graecum.

1821 1076 1858 1093 ιν.
1874 1080 1895 1099 Ι».
1914 1077 1949 1093 1¹21·

1810 2419 1819 2429 ’
1836 2418 1861 2438 12.
1879 2418 1914 2437 tx.
1934 2422 1961 2438 13.
