2203 3331
828 174 860 196 lx
887 173 914 196 S.
943 172 1166 196 Ntcssvuonuw.

529 239 553 266 Ο

154 341 382 376 (’)ἷκο1ῑο[ιιάν,1)ΐο
400 342 558 377 οἶκτιδομιάν,
572 338 652 366 Yal'la
665 337 793 372 16011011.
808 336 882 364 Tim.
897 336 920 363 Ῑ.
932 337 972 371 4.)

193 399 222 427 p.
246 393 293 417 85.

556 458 576 485 P

151 535 329 564 Panthei-ao.
351 535 462 562 obiecta
481 534 605 561 hominis
625 533 770 569 imagine,
794 530 975 566 decipiuntur

208 593 237 621 p.
262 588 329 612 234.

151 635 250 662 Patres
269 633 404 661 eeclesiae
426 631 462 659 ab
478 629 676 659 Iconomachis
690 629 845 664 contempti
860 637 888 664 p.
909 632 974 655 158.

151 683 258 711 Paulus
273 682 387 710 abdicat
398 680 624 717 patriarchatum
635 677 977 714 constantinopolitannm

212 731 312 759 nolens
335 730 444 758 diutius
461 729 569 756 versari
591 735 655 756 cum
679 726 876 755 iconomachis
895 735 922 762 p.
948 730 975 753 5.

157 780 310 808 Peccatum
337 778 475 814 originale
497 786 526 813 p.
548 780 613 804 105.

155 829 319 856 Persecutio
338 827 391 854 sub
414 826 508 854 Leone
528 825 659 853 armenio
680 832 709 860 p.
735 827 801 851 163.

156 878 322 906 Pestilentia
334 874 582 910 Constantinopoli
595 873 649 901 sub
664 872 847 910 Copronymo
863 880 891 908 p.
912 876 977 900 133.

157 926 233 954 Petri
249 925 371 962 apostoli
394 925 536 960 primatus
560 932 588 959 p.
611 926 676 950 165.
702 926 769 950 184.

156 975 363 1004 phantasmata
388 976 502 1000 ecataea
526 974 554 999 et
572 978 725 1007 empusaea
744 979 773 1006 p.
802 973 867 997 195.

157 1023 338 1060 Phylacteria
359 1029 441 1050 sacra
462 1029 479 1049 a
500 1021 666 1048 christianis
686 1022 797 1056 gestata
817 1027 846 1055 p.
867 1021 932 1046 109.

159 1072 291 1100 Picturae
312 1071 489 1107 comparatio
508 1078 573 1097 cum
595 1070 738 1105 scriptura
761 1076 790 1104 p.
808 1072 856 1095 88.

160 1120 292 1148 Picturae
311 1127 410 1147 sacrae
432 1118 530 1146 multis
550 1118 651 1146 salutis
669 1116 806 1153 spiritalis
820 1123 907 1144 causa
925 1115 984 1143 fue-

220 1172 306 1204 runt,
324 1176 394 1204 quos
411 1169 485 1195 iuter
503 1167 612 1195 Mariae
634 1167 820 1203 aegyptiacae
839 1173 869 1202 p.
893 1168 942 1192 95.

162 1218 343 1245 picturarum
379 1216 498 1244 effeetus
528 1216 620 1243 maior
653 1222 740 1251 quam
775 1214 984 1250 scripturarum

222 1274 250 1302 p.
276 1266 343 1292 232.

165 1316 311 1348 ῖῐνεύματος
332 1322 384 1350 pro
405 1314 486 1348 φωτὸς
510 1313 630 1349 (Ephes.
650 1312 683 1339 V.
702 1311 748 1347 8.)
766 1320 795 1348 p.
813 1315 882 1338 205.

165 1362 325 1390 Polemonis
346 1361 511 1398 philosophi
533 1362 628 1397 imago
649 1369 678 1396 p.
702 1363 751 1388 95.

163 1411 350 1438 Praeconium
373 1412 400 1437 in
423 1409 584 1437 ordinando
605 1409 738 1445 episcopo
759 1416 788 1444 p.
814 1411 881 1436 154.

166 1460 265 1488 Preces
283 1461 310 1487 in
339 1459 524 1487 ecclesiarum
553 1456 781 1486 dedicationibus
801 1456 864 1484 fieri
888 1457 988 1484 solitae

223 1517 251 1544 p.
277 1512 342 1535 176.

166 1556 386 1593 Prophetiarum
410 1557 495 1583 series
517 1555 552 1583 de
577 1554 690 1583 Christo
710 1555 827 1590 eiusque
852 1554 988 1591 religione

224 1615 252 1642 p.
281 1610 348 1633 223.
373 1613 453 1641 seqq.

166 1653 349 1682 Providentia
374 1653 425 1681 Dei
447 1661 476 1688 p.
496 1656 638 1680 250-252.

168 1703 299 1740 Pyrrhus
321 1702 509 1730 monothelita
528 1710 557 1737 p.
582 1705 648 1729 171.

570 1773 595 1801 R

169 1849 316 1886 Reliquiae
328 1849 498 1877 Sanctorum
511 1849 671 1876 necessario
683 1848 865 1876 collocandae
876 1848 905 1875 in
919 1851 990 1875 tem-

227 1898 338 1934 plorum
361 1897 589 1925 dedicationibus
611 1905 639 1932 p.
665 1900 713 1924 71.
735 1896 933 1932 Iconomachi‚
958 1897 992 1924 iis

228 1946 374 1981 exclusis,
403 1945 603 1982 supponebant
623 1945 827 1973 eucharistiam
840 1966 847 1980 ,
874 1944 989 1972 ibidem.

173 1996 319 2023 Romanae.
337 1995 473 2022 ecclesiae
492 1995 650 2030 primatus,
671 1996 700 2021 et
722 1993 901 2030 praesidendi
927 2001 991 2021 san-

230 2045 410 2079 ctionemque
427 2043 556 2070 conciliis
574 2042 718 2070 tribuendi
739 2043 783 2070 ius
803 2050 832 2078 p.
856 2046 922 2069 174.

176 2091 273 2118 Rudes
287 2090 417 2118 homines
428 2099 486 2118 non
505 2091 541 2118 ab
554 2091 728 2127 imaginibus
739 2090 914 2119 honorandis
926 2094 994 2118 sunt

231 2138 408 2174 deterrendi,
431 2139 480 2166 sed
501 2142 606 2167 rectam
628 2140 689 2168 cius
714 2139 831 2168 honoris
854 2141 993 2168 rationem

233 2186 353 2215 docendi
373 2195 400 2223 p.
427 2191 493 2214 235.

575 2258 594 2286 S

174 2333 297 2361 Sabinus
324 2333 383 2361 dux
415 2333 604 2368 Bulgarorum
632 2332 728 2361 deficit
754 2333 790 2361 ad
821 2333 996 2371 Byzantinos

233 2389 262 2417 p.
289 2384 356 2408 138.

173 2429 354 2465 SacerdoteS,
369 2437 523 2465 eorumque
536 2432 615 2457 actus
634 2429 779 2466 liturgici,
801 2430 918 2467 angelos
933 2439 995 2461 eae-

233 2478 389 2514 testemque
410 2478 506 2506 aulam
530 2481 744 2514 repraesentant
764 2487 793 2515 p.
820 2483 886 2507 129.

1776 160 1843 192 271

1027 237 1124 265 Sancti
1146 236 1296 265 orantibus
1318 246 1347 265 se
1368 238 1501 266 auxiliari
1528 240 1649 274 possunt
1667 244 1716 273 per
1738 237 1853 264 insitam

1087 285 1141 313 sibi
1163 293 1180 312 a
1203 285 1262 313 Deo
1282 287 1342 313 vim
1362 290 1389 314 et
1412 288 1536 323 gratiam
1551 295 1580 323 p.
1605 290 1671 313 171.
1695 292 1761 313 cuin
1785 284 1852 312 adn.

1028 333 1200 362 Sanctorum
1224 336 1388 362 communio
1410 338 1438 363 et
1462 336 1606 363 invocatio
1628 343 1656 371 p.
1676 338 1723 362 76.

1029 382 1198 410 Schismatis
1218 382 1375 418 deploratio
1396 384 1492 411 verbis
1512 383 1712 421 Chrysostomi
1735 392 1763 419 p.
1781 386 1810 409 9.

1028 431 1176 468 Scriptura
1199 431 1275 459 idem
1303 432 1380 460 valet
1399 433 1477 469 quod
1498 434 1630 469 pictura,
1658 436 1686 460 et
1706 433 1857 460 viceversa

1090 488 1118 515 p.
1140 483 1187 507 76.
1206 488 1266 517 seq.

1031 527 1179 556 Severiani
1200 529 1302 557 merito
1320 529 1390 557 dicti
1407 530 1535 566 acephali
1556 540 1584 567 p.
1611 535 1678 558 170.

1032 576 1193 605 Simulacra
1216 577 1397 606 ethnicorum
1421 578 1539 606 deorum
1563 588 1580 607 a
1603 579 1767 607 christianis
1796 586 1859 615 pes-

1092 626 1225 654 sumdata
1247 635 1275 663 p.
1300 630 1366 654 102.
1386 634 1452 654 curn
1477 627 1544 654 adn.
1565 627 1602 656 Et
1620 636 1649 664 p.
1675 632 1742 655 200.

1033 673 1187 711 Sophronii
1210 675 1459 712 hierosolymitani
1487 675 1606 704 historia
1632 676 1667 704 de
1691 676 1786 704 Maria
1813 684 1860 704 ae·

1094 725 1229 761 gyptiaca
1251 732 1280 760 p.
1304 728 1352 752 95.

1034 772 1194 802 Stercutius
1213 773 1290 802 Deus
1300 782 1329 810 p.
1345 777 1410 802 193.
1424 774 1561 802 Silvanus
1574 774 1733 802 monachus
1744 783 1772 811 p.
1792 779 1859 802 268.

1035 821 1150 859 Sergius
1171 822 1361 851 monothelita
1379 832 1408 860 p.
1428 827 1494 851 171.

1036 870 1206 907 Symbolum
1230 871 1296 899 fidei
1319 872 1448 908 quotidie
1469 871 1525 899 dici
1547 871 1664 899 solitum
1683 881 1712 908 p.
1740 876 1787 900 89.

1036 918 1146 956 Synodi
1169 920 1312 948 trullanae
1330 928 1422 949 canon
1444 920 1479 948 de
1501 929 1538 948 55.
1561 919 1703 957 imagibus
1716 929 1744 956 p.
1768 925 1795 948 2.
1816 925 1862 948 17.

1102 973 1167 996 104.

1038 1016 1173 1054 Synodus
1194 1018 1232 1046 11.
1259 1019 1380 1046 nicaena
1404 1018 1547 1055 quomodo
1571 1018 1658 1047 fuerit
1680 1020 1865 1047 oecumenica

1099 1075 1126 1102 p.
1146 1070 1214 1095 174.
1230 1066 1300 1096 Eius
1316 1067 1462 1095 decretum
1475 1076 1526 1104 pro
1541 1076 1580 1095 ss.
1595 1067 1771 1105 imaginibus
1788 1076 1816 1104 p.
1836 1072 1863 1095 7.

1099 1115 1248 1144 Laudatur
1265 1125 1293 1152 p.
1316 1120 1384 1144 266.

1040 1163 1175 1200 Synodus
1196 1165 1397 1200 episcoporum
1417 1165 1672 1193 iconomachorum
1689 1165 1743 1193 sub
1763 1165 1867 1202 Copro-

1100 1220 1189 1249 nymo
1210 1221 1239 1249 p.
1258 1217 1286 1241 3.
1308 1217 1375 1242 147.
1399 1218 1465 1242 166.
1492 1217 1560 1251 1673
1580 1217 1608 1242 et
1629 1214 1684 1242 sub
1704 1214 1798 1242 Leone
1821 1222 1866 1242 ar-

1101 1262 1197 1289 menio
1217 1270 1246 1298 p.
1272 1266 1338 1290 155.
1365 1266 1431 1290 162.

1042 1309 1176 1346 Synodus
1196 1310 1387 1339 alexandrina
1407 1311 1527 1339 damnat
1546 1312 1647 1340 Arium
1667 1315 1695 1340 et
1712 1312 1867 1340 Eusebium

1102 1357 1248 1395 Pamphili
1269 1368 1297 1396 p.
1322 1363 1388 1388 160.

1446 1460 1466 1495 1

1043 1556 1155 1585 Tarasii
1170 1557 1352 1593 patriarchae
1369 1559 1483 1594 egregia
1504 1559 1671 1594 protestatio
1694 1562 1760 1586 ante
1784 1559 1870 1586 susci-

1105 1605 1241 1641 piendum
1259 1606 1488 1642 patriarchatum
1508 1616 1535 1643 p.
1554 1612 1581 1635 5.
1601 1607 1737 1636 Eiusdem
1751 1608 1870 1644 epistola

1105 1654 1141 1682 ad
1165 1653 1279 1682 Siciliae
1302 1656 1449 1692 episcopos
1465 1663 1494 1692 p.
1518 1659 1586 1684 266.

1045 1702 1156 1739 Templi
1177 1702 1207 1732 S.
1231 1703 1354 1740 Sophiae
1375 1705 1438 1732 laus
1459 1713 1488 1741 p.
1514 1709 1580 1733 144.

1046 1750 1230 1788 Templorum
1254 1755 1384 1780 veterum
1405 1756 1500 1789 partes
1518 1761 1548 1790 p.
1572 1757 1638 1781 121.

1046 1799 1152 1828 Terrae
1171 1802 1268 1828 motus
1287 1801 1341 1829 sub
1361 1801 1544 1839 Copronymo
1567 1810 1597 1838 p.
1627 1806 1691 1830 134.

1047 1848 1203 1877 Theodosii
1220 1851 1340 1878 senioris
1363 1850 1426 1878 laus
1443 1859 1472 1887 p.
1495 1855 1560 1878 143.
1580 1855 1645 1878 144.

1047 1898 1215 1926 Timotheus
1225 1899 1284 1926 dux
1297 1898 1473 1927 atheniensis
1485 1899 1620 1928 felicitate
1633 1899 1742 1927 celeber
1755 1907 1783 1935 p.
1804 1903 1870 1927 138.

1047 1947 1176 1975 Traditio
1195 1948 1420 1984 grammaticalis
1438 1956 1467 1985 p.
1493 1952 1540 1976 90.

1048 1995 1246 2024 Traditionem
1268 2004 1410 2024 annorum
1425 2000 1493 2025 800.
1517 2004 1569 2033 pro
1581 2004 1621 2024 ss.
1645 1997 1803 2033 imaginum
1821 1996 1871 2024 ho-

1107 2052 1176 2072 nore
1197 2045 1304 2073 adserit
1327 2045 1505 2081 Nicephorus
1528 2053 1557 2081 p.
1583 2048 1651 2073 255.

1048 2092 1223 2121 Traditionis
1244 2101 1342 2122 sacrae
1367 2094 1523 2122 auctoritas
1542 2102 1570 2130 p.
1596 2097 1643 2120 21.
1663 2097 1710 2120 89.
1731 2101 1791 2130 seq.

1048 2140 1200 2170 Trinitatis
1225 2143 1425 2171 sanctissimae
1449 2143 1679 2171 circuminsessio
1704 2145 1874 2179 mgixo'gnm

1108 2198 1138 2226 p.
1162 2194 1209 2218 58.
1234 2194 1262 2219 et
1284 2194 1332 2219 62.

1453 2263 1478 2290 V

1050 2336 1198 2364 Valentini
1219 2337 1345 2366 haeresis
1366 2345 1395 2374 p.
1422 2341 1487 2366 160.

1051 2384 1180 2413 Verbum
1201 2386 1345 2422 quomodo
1366 2388 1404 2415 sit
1425 2394 1492 2415 caro
1514 2387 1621 2415 factum
1645 2395 1672 2422 p.
1698 2390 1744 2414 83.
1766 2387 1833 2415 adn.

1051 2432 1211 2471 Virginitas
1233 2436 1328 2463 invisa
1348 2435 1547 2464 Iconomaehis
1569 2444 1597 2471 p.
1625 2440 1691 2463 131.
1711 2439 1776 2463 142.
1801 2435 1874 2463 Lau-

1112 2483 1198 2512 datur
1219 2492 1236 2512 a
1256 2484 1455 2513 Cantacuzeno
1477 2493 1505 2521 p.
1534 2489 1598 2513 131.
1621 2484 1688 2512 adn.

236 2691 292 2714 '1¹¹
305 2692 412 2715 Antiffh·
431 2694 449 2716 1-
466 2699 489 2723 Ρ·
509 2699 543 2723 §¹⁸-
562 2697 582 2717 2.
602 2699 624 2716 V·
643 2697 665 2717 ⁸·
685 2699 699 2717 3
716 2692 758 2721 flur
780 2699 842 2716 ⁰0¹7-
860 2689 1000 2722 ἀξιοῦντες·
1025 2699 1081 2728 Peg.
1104 2700 1142 2723 40.
1165 2704 1189 2721 v.
1213 2701 1250 2722 21.
1275 2704 1338 2721 corr.
1357 2693 1445 2723 αὐτήν.
1475 2697 1535 2721 ibid.
1561 2704 1583 2721 ν,
1608 2700 1644 2721 33.
1668 2696 1750 2719 malim
1770 2695 1873 2718 <ri-ibere

186 2728 505 2765 σιγκρσίματος,φ111η1ν15
521 2733 597 2757 codex
615 2733 702 2757 habeat
718 2731 918 2766 συγκρίματος..
