2203 3331
607 222 773 246 ADVERSUS
799 219 1045 245 CONSTANTINL'M
1070 219 1304 243 coi’aoxi'stmi.
1757 208 1802 241 29

110 296 202 332 que,
221 281 284 316 cui
312 279 520 321 interiacet,
541 279 734 314 terminum
760 276 959 313 necessario
987 274 1144 309 similiter
1167 274 1409 322 participabit,
1430 288 1545 323 neque
1568 273 1700 324 aliquid
1720 273 1800 322 plus

112 343 164 377 vel
182 342 302 377 minus
324 355 366 376 ex
387 341 451 375 hoc
473 339 526 374 vel
547 339 603 374 illo
618 368 626 382 ,
649 348 710 374 aut
729 338 871 373 habebit
890 344 950 371 aut
969 334 1204 377 desiderabit,
1226 343 1331 382 prout
1353 335 1520 383 scriptum
1543 344 1595 370 est
1615 337 1651 372 *ἢ
1672 342 1695 356 “
1719 334 1801 383 quia

113 431 138 446 „
165 402 268 452 pueri
291 401 647 437 communicaverunt
670 399 768 435 carni
789 407 823 434 et
844 396 1026 444 sanguini,
1045 404 1079 431 et
1100 396 1173 444 ipse
1196 395 1355 430 similiter
1376 396 1595 445 participavit
1614 396 1758 431 eisdem.
1779 424 1802 439 „

112 464 224 499 Valde
240 464 345 510 igitur
362 471 515 505 constat,
534 460 774 497 circumscribi
789 473 807 494 a
823 458 921 494 vobis
940 456 1202 492 immaterialem
1220 465 1255 491 et
1271 456 1491 491 indefinitam
1507 466 1688 503 naturam3
1707 457 1803 506 quod

114 534 232 560 tamen
255 539 298 560 ne
319 524 487 559 materiali
509 523 656 572 quidem
678 530 713 557 et
733 521 935 556 incarnatae
958 519 1076 566 largiri
1096 517 1280 554 volebatis,
1309 517 1376 552 Hie
1398 518 1491 552 enim
1517 532 1723 553 sermonum
1749 532 1805 553 ve-

115 594 267 620 strorum
297 585 408 620 exitus
439 593 509 627 cst,
533 592 572 619 ut
593 583 690 632 quod
710 581 810 616 nohis
831 580 1074 622 obiiciebatis,
1097 579 1133 614 id
1158 579 1275 628 ipsum
1299 578 1337 612 in
1361 591 1421 613 vos
1445 586 1614 613 retortum
1637 578 1804 615 sentiatis.

219 646 409 693 Quomodo
438 646 543 693 igitur
564 645 602 679 in
624 643 744 678 divino
764 641 883 676 Verbo
911 640 1173 676 immutabilitas
1200 648 1331 675 servata
1358 639 1447 682 suit,
1467 639 1520 673 vel
1546 639 1582 673 in
1604 648 1719 674 nostra
1748 653 1807 674 na-

114 717 191 743 tura
215 707 463 743 invertibilitas
488 705 650 740 retenta?
673 717 758 752 quas
783 711 901 737 tamen
926 701 1102 749 evangelia
1124 701 1352 750 praedicant,
1376 708 1409 735 et
1431 713 1610 734 sacrorum
1633 701 1806 735 antistites

114 777 228 816 patres
256 768 405 805 docent:
427 779 579 814 quorum
606 764 805 800 doctrinam
832 763 945 811 deque
968 763 1020 797 his
1045 763 1150 798 rebus
1176 761 1390 797 sententiam
1418 760 1660 808 exponendam
1688 769 1806 808 postea

115 829 326 863 curabimus.
352 826 538 872 Quomodo
565 833 684 860 autem
712 824 818 859 etiam
844 823 1068 865 inconfusio,
1090 836 1195 872 quam
1221 822 1404 857 adfirmare
1431 820 1623 863 simulatis,
1646 820 1683 855 in
1709 820 1807 855 Chri—

117 889 162 923 sti
189 888 362 937 hypostasi
389 886 684 922 conservabitur?
707 884 780 920 Sed
811 893 843 920 et
870 885 935 920 hoc
964 884 1249 920 consideremus:
1272 882 1441 932 quoniam
1466 882 1650 930 adsumpta
1678 896 1697 916 a
1723 881 1808 916 Ver-

115 950 159 984 bo
179 959 304 985 natura
331 957 445 984 creata
467 956 538 990 est,
562 948 717 995 itemque
748 946 1014 995 corruptibilis,
1035 945 1223 994 passibilis,
1247 959 1360 993 eaque
1387 943 1569 986 caeditur,
1591 942 1706 985 dolet,
1727 942 1808 977 alia-

115 1023 185 1058 que
212 1009 344 1057 patitur
373 1023 462 1058 quae
491 1008 702 1043 naturaliter
729 1007 799 1056 pati
828 1006 953 1042 sortita
981 1015 1055 1053 est3
1078 1020 1168 1042 num
1195 1005 1346 1055 proinde
1375 1005 1417 1040 ob
1445 1003 1698 1052 hypostaticam
1726 1017 1808 1039 cum

115 1070 234 1104 divina
255 1078 379 1104 natura
403 1069 591 1112 unionem,
613 1068 772 1103 Verbum
792 1069 833 1103 fit
854 1076 1032 1111 creatum,
1053 1067 1232 1115 passibile,
1253 1065 1500 1115 corruptibile,
1524 1073 1557 1100 et
1578 1072 1695 1099 cetera
1717 1078 1806 1112 quae

115 1131 206 1165 servi
226 1131 338 1165 forma
360 1130 565 1178 servilisque
596 1137 721 1164 natura
741 1129 873 1165 habet?
900 1128 1022 1178 Atque
1042 1137 1084 1164 ut
1105 1128 1226 1177 paucis
1255 1135 1363 1162 totam
1388 1126 1531 1161 illorum
1557 1125 1808 1174 blasphemiam

117 1191 285 1226 orationis
314 1199 456 1226 nostrae
484 1191 591 1225 series
615 1199 786 1238 exponat,
807 1190 1004 1225 secundum
1032 1189 1191 1238 ipsorum
1218 1188 1520 1237 propositionem,
1541 1185 1700 1221 Verbum
1724 1200 1809 1234 quo—

117 1265 187 1299 que
211 1260 457 1300 corporatum,
479 1252 521 1286 de
542 1266 612 1300 quo
633 1252 720 1286 haec
743 1251 1033 1294 considerantur,
1058 1264 1186 1299 corpus
1206 1249 1325 1298 potius
1347 1248 1510 1284 confiteri
1530 1255 1710 1295 cogentur.
1735 1246 1809 1282 Sed

117 1312 257 1348 dicent:
282 1326 427 1347 carnem
454 1312 734 1360 contemplamur
756 1311 874 1347 Verbo
899 1311 1045 1347 unitam.
1073 1311 1122 1346 At
1148 1310 1311 1346 audient:
1337 1319 1371 1345 et
1390 1308 1548 1344 Verbum
1578 1322 1656 1343 caro
1677 1309 1810 1343 sactum

120 1381 175 1407 est
195 1381 298 1422 atque
323 1382 539 1419 crassatumg
563 1382 598 1408 et
619 1372 825 1420 intangibile
839 1401 848 1416 ,
870 1381 1004 1408 tactum
1024 1371 1112 1409 suit:
1131 1386 1249 1420 neque
1277 1380 1392 1406 tamen
1420 1377 1609 1419 propterea
1629 1383 1648 1404 a
1669 1369 1740 1403 suis
1762 1368 1812 1403 di-

118 1432 210 1468 vinis
237 1434 486 1481 praerogativis
508 1433 669 1469 Verbum
697 1433 882 1480 discessit3
903 1447 1021 1482 neque
1053 1447 1133 1468 caro
1161 1433 1349 1467 haerentes
1375 1430 1444 1465 sibi
1467 1431 1509 1465 ab
1529 1430 1631 1465 initio
1660 1429 1812 1478 proprie-

120 1502 206 1529 tates
228 1494 445 1538 immutavit,
467 1509 582 1543 neque
605 1509 623 1529 a
646 1495 781 1543 propria
805 1494 1010 1530 conditione
1031 1494 1176 1543 depulsa
1201 1502 1251 1529 est
1273 1495 1336 1541 (1).
1360 1492 1452 1528 Nam
1473 1492 1516 1526 de
1542 1491 1603 1534 iis,
1624 1504 1714 1539 quae
1736 1498 1812 1538 post

121 1554 276 1589 divinam
302 1556 601 1591 resurrectionem
627 1570 716 1590 nova
744 1555 971 1599 acciderunt,
991 1555 1309 1604 imputribilitatem
1333 1553 1410 1589 dieo
1437 1561 1472 1588 et
1494 1551 1811 1593 immortalitatem,

122 1615 152 1648 si
169 1615 248 1663 quis
265 1625 460 1663 repugnat,
481 1617 518 1650 in
537 1617 767 1665 sequentibus
786 1616 986 1654 disseretur.
1012 1616 1154 1665 Corpus
1175 1616 1338 1665 quidem,
1356 1614 1453 1663 quod
1470 1621 1591 1649 nostro
1613 1611 1723 1647 simile
1740 1611 1813 1646 Do—

123 1676 240 1710 minus
270 1677 484 1725 adsumpsit,
507 1686 614 1726 prout
642 1686 723 1713 sunt
753 1686 872 1713 cetera
900 1691 1062 1726 corpora,
1085 1677 1394 1725 circumscriptum
1421 1674 1564 1710 omnino
1585 1673 1663 1709 fuit.
1692 1671 1814 1719 Quan-

123 1735 253 1771 donam
281 1737 376 1772 enim
404 1752 443 1772 ex
473 1739 568 1773 omni
590 1753 672 1773 aevo
701 1739 866 1774 auditum
895 1747 945 1773 est
973 1753 1096 1786 corpus
1120 1737 1492 1786 incircumscriptum?
1520 1734 1667 1784 Alioqui
1692 1733 1735 1769 de
1762 1748 1813 1768 re—

122 1810 204 1832 rum
228 1799 506 1834 necessariarum
526 1813 674 1835 numero
705 1800 989 1848 circumscriptio
1011 1808 1071 1836 est.
1101 1798 1202 1834 Sicut
1229 1799 1325 1834 enim
1347 1812 1421 1833 non
1450 1805 1500 1832 est
1527 1810 1654 1844 corpus
1682 1795 1812 1843 absque

122 1857 199 1893 loco
221 1867 281 1894 aut
304 1868 479 1908 tempore,
505 1861 550 1894 ita
571 1875 688 1910 neque¹
711 1862 785 1896 sine
811 1861 1147 1909 circumscriptione.
1170 1867 1193 1882 “
1216 1859 1309 1895 Nam
1329 1859 1427 1894 locus
1448 1857 1710 1893 circumscribit
1732 1870 1813 1891 con-

127 1947 149 1961 .,
177 1919 338 1969 tinetque
369 1935 519 1970 eorpusg
543 1922 718 1970 siquidem
746 1923 846 1958 locus
874 1922 1045 1958 terminus
1066 1930 1115 1957 est
1138 1921 1374 1964 continentis,
1395 1928 1565 1969 quatenus
1588 1918 1751 1953 continet
1775 1931 1814 1952 ea

127 2008 150 2022 „
179 1995 266 2029 quae
297 1982 527 2017 continentur
551 1985 612 2031 (2).
638 2011 661 2026 „
685 1983 810 2031 Itaque
831 1984 951 2018 dicere
978 1997 1102 2031 corpus
1125 1997 1198 2017 non
1227 1981 1494 2024 circumscribi,
1515 1980 1610 2015 idem
1633 1986 1683 2014 est
1702 1993 1742 2013 ac
1764 1978 1815 2013 di-

127 2055 205 2076 cere
234 2056 306 2077 non
335 2057 409 2078 esse
432 2043 467 2077 in
496 2044 591 2080 loco:
613 2044 707 2093 quod
732 2053 851 2080 autem
876 2058 947 2080 non
977 2053 1030 2080 est
1056 2045 1093 2079 in
1121 2044 1218 2087 loco,
1239 2058 1285 2079 ne
1307 2057 1432 2091 corpus
1454 2042 1600 2092 quidem
1629 2049 1690 2077 est.
1715 2039 1812 2086 Quid

126 2116 206 2149 crgo
228 2117 268 2137 ex
288 2103 341 2138 his
366 2104 614 2141 concluditur?
636 2105 731 2140 Num
751 2120 879 2154 corpus
900 2119 975 2141 non
997 2119 1068 2140 esse
1091 2105 1239 2153 corpus?
1260 2104 1337 2139 Hoc
1357 2104 1500 2139 demum
1517 2102 1604 2152 quid
1625 2101 1720 2137 aliud
1743 2109 1814 2144 est,

126 2178 231 2211 quam
251 2178 374 2199 omnes
396 2165 595 2200 stoliditatis
621 2175 724 2215 atque
745 2166 918 2202 amentiae
943 2167 1028 2201 fines
1050 2166 1291 2215 praetervehi?
1322 2164 1458 2213 Captus
1484 2173 1535 2199 est
1559 2163 1666 2211 igitur
1686 2163 1815 2198 horum

125 2225 327 2272 dogmatum
351 2240 477 2274 parens
499 2227 647 2262 suismet
668 2228 805 2275 pinnis,
831 2228 993 2276 versique
1018 2236 1143 2263 contra
1165 2228 1283 2276 ipsum
1305 2234 1388 2262 sunt
1414 2225 1546 2275 proprii
1569 2233 1737 2270 conatus3
1762 2238 1816 2259 ex·

128 2286 297 2321 ciderunt
325 2288 477 2335 superba
502 2296 534 2322 ct
556 2288 728 2323 terribilia
753 2297 960 2336 argumenta
974 2318 982 2332 ,
1003 2302 1154 2337 quorum
1182 2288 1253 2336 ipse
1276 2287 1450 2336 impetum
1470 2285 1704 2321 inevitabilem
1725 2285 1817 2320 into-

125 2346 383 2396 lerandumque
406 2349 569 2396 putabat,
590 2349 733 2397 visaque
755 2358 837 2384 sunt
854 2363 873 2384 a
890 2349 1119 2398 parvulorum
1137 2348 1294 2384 balbutie
1311 2362 1383 2383 non
1400 2347 1553 2382 differre.
1574 2345 1708 2395 Reapse
1728 2346 1815 2381 haee

127 2406 275 2454 puerilis
300 2408 426 2442 mentis
451 2417 534 2443 sunt
556 2409 720 2457 propria,
745 2423 859 2458 neque
886 2409 1039 2444 infantili
1063 2409 1270 2444 conditione
1294 2408 1420 2444 melius
1444 2422 1481 2443 se
1506 2407 1649 2442 habent.

229 2467 282 2503 Ut
307 2477 425 2503 autem
450 2469 561 2517 palam
586 2470 665 2512 fiat,
688 2471 848 2518 qubnam
872 2470 956 2519 ipsis
980 2471 1174 2519 sapientiae
1202 2484 1283 2505 suae
1314 2470 1412 2518 copia
1439 2468 1580 2511 evadat,
1601 2467 1690 2503 illud
1716 2467 1818 2502 etiam

127 2529 315 2576 praedictis
343 2530 522 2566 addamus.
552 2531 689 2568 Sensati
718 2532 840 2567 cuncti
871 2533 1047 2575 fatentur,
1075 2532 1272 2580 passionem
1305 2543 1447 2566 omnem
1478 2530 1613 2578 corpori
1644 2537 1766 2564 nostro
1797 2542 1815 2562 a

128 2591 282 2640 qualibet
303 2593 488 2628 occasione
508 2593 730 2629 accidentem
743 2599 753 2637 ζ
774 2608 840 2629 ceu
859 2603 909 2628 est
926 2594 1122 2637 verberari,
1142 2594 1257 2637 feriri,
1278 2593 1394 2637 caedi,
1413 2593 1489 2636 uri,
1509 2601 1544 2628 et
1563 2592 1700 2642 quidvis
1721 2590 1815 2626 aliud

210 2681 241 2709 (s,
263 2680 377 2714 Effregie
400 2681 548 2707 Mamurius.
576 2684 624 2708 Ati
647 2686 689 2709 ⁷3:
711 2682 834 2712 εἶκονικτῖς
856 2683 1055 2712 alumnarum.
1076 2684 1117 2708 riv
1136 2681 1324 2717 ἁπέρίγρκπτον
1346 2682 1420 2716 φύσει
1442 2683 1472 2716 τῇ
1492 2680 1581 2711 ὃεῑκῖ,
1602 2680 1816 2716 περιγραφόμενον

130 2724 220 2757 ἱρά-μεν
237 2726 265 2759 τῇ
283 2726 428 2761 σςεσλνίψει
444 2732 485 2752 τού
503 2729 622 2761 ήμετερυυ
640 2730 804 2763 φυράματος.
819 2730 862 2753 καί
878 2730 908 2754 τα·
925 2729 1049 2762 ἰδιώματα
1066 2731 1109 2758 τῆς
1125 2730 1221 2763 φύσεως
1236 2728 1263 2756 ἦν
1278 2728 1449 2763 neemiam-psit
1465 2728 1642 2762 οἰκειούμενον.
1663 2728 1693 2751 lu
1710 2725 1817 2750 ironica

122 2768 222 2802 fiyura
247 2778 326 2803 eum,
345 2773 394 2805 qui
417 2774 517 2807 saaph»
542 2774 648 2799 natura
673 2773 772 2799 (lirina
799 2774 1064 2808 lucivomus-criptas
1087 2774 1144 2805 est,
1164 2774 1412 2809 circu‘tnscriptum
1438 2771 1564 2798 videmus
1582 2771 1703 2805 propter
1727 2768 1817 2795 nostri

125 2812 281 2845 plasmatis
300 2815 544 2850 adsumptionem.-
564 2825 613 2843 nec
632 2826 685 2843 που
707 2817 849 2844 idiomata
870 2819 1009 2849 natm-ae,
1029 2825 1113 2851 quam
1134 2816 1274 2849 adscit-it,
1294 2817 1348 2842 sien·
1362 2818 1488 2851 propria
1499 2815 1665 2849 jacientem.

214 2859 245 2887 12)
267 2858 375 2885 Brevem
397 2860 467 2886 hane
487 2861 649 2888 sententiani
671 2862 804 2896 excerpsit
823 2869 853 2888 ex
875 2869 924 2888 ins.
942 2861 1094 2895 Nicephoro
1115 2861 1159 2888 Fr.
1173 2860 1324 2888 'run-ianus
1344 2860 1417 2896 apud
1435 2860 1574 2887 Caluisium
1595 2857 1680 2891 antiq.
1696 2855 1758 2882 lect.
1773 2853 1816 2883 ed.

130 2901 211 2927 Basn.
233 2902 264 2928 T.
286 2903 320 2929 11.
343 2908 410 2938 part.
432 2907 457 2931 2.
478 2913 504 2940 p.
529 2909 570 2932 1⁴.

1839 352 1847 360 ’
1865 349 1933 370 ΗνΜ.
1950 350 1975 369 ¹1.
1995 353 2014 369 ιι

1842 841 1880 861 cr.
1895 847 1917 867 1¹-
1935 843 1965 861 111.
