2203 3331
250 1574 276 1587 μ’.
293 1573 314 1592 1¹.
330 1571 364 1588 3,)-

396 219 442 251 -18
962 227 990 250 s.
1017 227 1190 251 sicernoiu
1216 227 1474 251 Asrmnuizriccs
1501 228 1525 250 1.

395 282 474 317 bile.
503 279 594 327 Frgo
618 294 662 313 ne.
687 281 728 314 ab
754 280 851 315 unita
879 281 1027 329 quidem
1049 283 1113 317 sibi
1137 296 1239 317 carne
1269 282 1420 331 separari
1448 281 1658 317 naturaliter
1685 284 1823 331 poterit.
1853 284 1962 331 Quod
1985 286 2013 321 51
2035 301 2091 334 po-

397 352 468 377 stca
497 341 532 375 id
564 350 617 375 est
646 341 839 384 effectum,
863 342 1010 377 ubinam
1038 343 1073 378 id
1101 343 1289 379 usuvenit?
1318 342 1505 387 Quaenam
1529 343 1661 387 oratio,
1683 358 1757 380 rem
1783 360 1872 395 quac
1897 360 1999 395 supra
2021 361 2091 382 om-

396 416 480 438 nem
508 401 706 436 orationem
735 410 785 436 est
806 402 1002 449 attingens,
1026 412 1058 438 et
1085 405 1126 439 dc
1152 403 1571 453 incomprehensibilibus
1597 413 1736 447 mente,
1759 420 1797 440 ae
1820 407 1942 454 lingua
1971 407 2094 442 ineffa-

397 463 525 498 bilibus
553 462 749 505 disserens,
772 463 1039 512 inseparabilem
1063 465 1154 499 illam
1176 464 1550 512 inconvertibilcmque
1575 465 1775 500 naturalem
1797 468 2091 503 coniunctionem

398 523 534 559 laedere
563 523 717 571 poterit?
1079 518 1081 521 Α

506 588 554 628 (ἕ)
587 583 658 619 Sed
681 583 816 619 etiamsi
838 598 909 619 non
930 594 1134 633 separetur,
1156 594 1247 621 certe
1276 586 1590 621 circumscribetur
1622 592 1669 631 (ᾖ)
1700 586 1850 635 ideoque
1879 589 2008 624 metuit
2028 589 2093 623 cir-

400 645 650 693 cumscriptam
678 645 795 681 dicere
826 659 986 689 earnem,
1008 647 1107 695 quasi
1130 661 1249 695 reapse
1276 647 1617 695 circumscriptionis
1644 647 1841 695 passionem
1860 648 1977 683 Verbo
2007 650 2092 684 inse-

398 713 458 740 rat.
490 704 586 751 Quid
609 706 704 740 enim
730 706 795 741 hoc
824 706 917 740 aliud
949 715 999 741 est
1027 720 1134 754 quam
1154 707 1290 755 passio?
1317 707 1362 742 Et
1385 722 1427 742 en
1452 708 1535 743 illuc
1564 708 1734 751 incurrit,
1757 708 1854 743 unde
1884 710 2002 756 sugere
2025 710 2091 744 sibi

397 765 587 801 ridebatur.
610 765 703 800 Nam
724 766 751 801 si
771 767 838 801 hoc
859 766 906 801 ita
929 780 964 801 se
986 767 1148 810 haberet,
1166 768 1319 815 profecto
1343 768 1652 816 circumscriptum
1670 769 1791 803 fuisset
1808 767 1987 811 Verbum,
2008 783 2093 817 quo-

399 826 495 861 niam
523 827 570 861 ita
597 835 724 862 natura
753 835 990 874 comparatum
1012 827 1134 862 fuisset
1154 828 1257 862 etiam
1279 836 1358 863 ante
1381 829 1548 864 unionem
1571 843 1655 864 cum
1684 843 1830 877 corpore
1845 858 1853 872 ,
1875 843 1949 864 non
1973 838 2092 865 autem

399 896 541 935 propter
564 888 671 936 ipsam
693 887 875 923 unionem.
901 886 1007 933 Quod
1029 888 1058 922 si
1080 897 1207 923 natura
1228 898 1277 924 est
1297 889 1669 938 incircumscriptum,
1692 890 1826 938 corpori
1849 904 1988 939 quoque
2012 905 2093 926 con-

400 948 584 990 iunctum,
606 949 732 996 utique
761 957 872 984 semet
901 949 1177 992 conservaverit,
1200 958 1322 997 utpote
1350 950 1473 994 Deus,
1496 952 1531 985 in
1560 952 1700 999 physica
1728 951 1902 986 infinitate
1929 960 1961 986 et
1988 952 2094 987 incir-

401 1009 673 1056 cumscriptione
703 1022 842 1057 prorsus
870 1008 1031 1044 illaesum
1057 1024 1098 1044 ac
1125 1010 1330 1046 nullatenus
1358 1011 1596 1047 imminutum.
1624 1012 1754 1061 Neque
1786 1013 1882 1047 enim
1907 1027 1996 1061 quae
2024 1013 2091 1047 sibi

400 1069 537 1117 propria
561 1069 692 1117 patitur
714 1083 842 1117 corpus
857 1097 865 1112 ‚
889 1070 1011 1104 eadem
1033 1084 1203 1119 umquam
1232 1072 1445 1119 compatitur
1467 1072 1505 1106 in
1527 1073 1664 1120 propria
1693 1074 1886 1108 substantia
1908 1073 2070 1109 Verbum
2084 1102 2092 1117 ‚

399 1129 493 1177 quod
521 1143 560 1164 ex
590 1129 794 1177 impassibili
822 1138 857 1164 et
885 1129 1100 1165 immutabili
1126 1131 1164 1165 111
1191 1132 1354 1179 passibile
1382 1140 1487 1180 atque
1516 1133 1682 1167 mutabile
1712 1134 1872 1168 converti
1898 1148 2095 1182 numquam

400 1197 524 1237 potest.
545 1189 628 1224 Non
649 1204 748 1237 ergo,
771 1190 903 1225 etiamsi
926 1204 1051 1239 eorpus
1075 1191 1150 1226 eius
1172 1192 1216 1226 sit
1238 1192 1566 1241 circumscriptum,
1588 1192 1750 1227 Verbum
1772 1193 2093 1230 circumscribetur.

399 1249 610 1285 Absurdum
637 1251 755 1299 itaque
769 1279 777 1294 ,
799 1251 967 1286 insanum
995 1260 1103 1301 atque
1131 1252 1280 1300 impium
1307 1261 1359 1288 est
1385 1253 1501 1288 dicere
1516 1281 1524 1296 ,
1545 1253 1653 1288 dividi
1677 1252 1880 1297 Christum,
1902 1254 1988 1289 dum
2008 1256 2095 1302 figu-

399 1319 517 1353 ratur,
540 1319 601 1346 aut
628 1310 732 1346 simul
760 1311 1011 1347 circumscribi.
1038 1311 1297 1348 Verumtamen
1320 1313 1515 1349 Mamonae
1542 1313 1636 1349 haud
1660 1314 1720 1349 hic
1744 1322 1794 1349 est
1818 1314 2018 1362 principalis
2047 1315 2096 1349 di-

402 1371 508 1405 cendi
538 1385 685 1419 scopus,
709 1371 770 1406 sed
800 1372 1155 1422 incircumscriptum
1177 1374 1384 1421 excogitavit
1406 1383 1583 1423 tamquam
1610 1375 1889 1410 instrumentum
1916 1375 2095 1423 improbae

403 1446 484 1466 suae
514 1432 687 1468 voluntati
714 1441 792 1482 apte
820 1433 1042 1480 deserviens»,
1066 1434 1166 1469 cuius
1193 1448 1301 1470 usum
1323 1434 1519 1471 Servatoris
1547 1436 1657 1478 nostri
1686 1436 1911 1471 oeconomiae
1941 1444 2097 1471 everten-

401 1493 465 1527 dae
495 1493 661 1529 idoneum
689 1494 867 1542 comperit.

506 1555 564 1590 33.
592 1554 722 1589 Mirari
743 1563 864 1590 autem
884 1555 968 1591 licet
989 1556 1184 1604 ingenitam
1205 1557 1288 1592 huic
1308 1558 1447 1593 homini
1475 1558 1664 1607 sapientiae
1690 1557 1968 1605 magnitudinem
1982 1585 1989 1599 ,
2011 1571 2097 1605 quo-

401 1614 506 1650 modo
528 1615 617 1650 illud
637 1630 709 1650 non
730 1616 899 1659 senserit,
923 1616 1008 1652 dum
1031 1617 1209 1653 subtiliter
1231 1627 1267 1653 et
1288 1627 1448 1654 accurate
1472 1633 1526 1654 res
1549 1619 1643 1654 verbi
1666 1626 1888 1654 scrutaretur
1908 1626 2009 1665 atque
2031 1617 2097 1652 dis-

401 1676 576 1724 quireret:
602 1690 727 1725 nempe
749 1677 843 1725 quod
866 1677 952 1713 dum
976 1677 1160 1713 ChriStum
1180 1679 1555 1729 incircumscriptione
1579 1681 1746 1721 honorat,
1771 1692 1924 1727 eumque
1946 1678 2097 1726 separari

401 1751 419 1770 a
442 1750 547 1771 earne
569 1737 698 1772 adserit
720 1738 749 1772 si
771 1738 1106 1782 circumscribatur,
1126 1739 1168 1774 de
1190 1740 1406 1775 sanctissima
1429 1741 1587 1776 eiusdem
1609 1754 1710 1775 earne
1734 1740 1839 1775 simul
1859 1739 1978 1774 dicere
2001 1738 2100 1773 omit-

401 1805 500 1839 tens,
530 1797 741 1832 inhonoram
774 1799 867 1834 hanc
900 1799 936 1834 in
965 1799 1188 1846 dogmatibus
1221 1801 1292 1835 suis
1325 1801 1480 1849 reliquit.
1511 1800 1608 1847 Quid
1643 1802 1748 1848 ergo?
1776 1800 1931 1835 Videtur
1958 1799 2009 1841 is,
2037 1798 2099 1847 qui

404 1856 586 1893 Christum
609 1859 933 1903 circumscriberet,
953 1861 1109 1896 animam
1127 1875 1272 1909 quoque
1294 1862 1452 1896 eiusdem
1471 1875 1490 1896 a
1513 1876 1654 1910 corpore
1675 1875 1832 1909 separare
1846 1889 1853 1903 ,
1873 1869 1906 1894 et
1927 1874 1999 1894 una
2018 1872 2100 1893 cum

402 1918 518 1954 Verbo
540 1920 693 1955 animam
714 1935 858 1970 quoque
880 1921 931 1955 illi
952 1922 1106 1970 eripere3
1130 1922 1304 1970 siquidem
1325 1923 1380 1957 illa
1403 1937 1421 1957 a
1444 1923 1537 1971 picto
1561 1936 1701 1970 corpore
1717 1950 1724 1964 ,
1748 1921 1841 1956 haud
1864 1934 1966 1955 secus
1995 1933 2100 1968 quam

402 1979 564 2015 dhinum
590 1980 751 2016 Verbum
778 1982 942 2017 abfutura
971 1991 1045 2028 est3
1074 1995 1155 2016 nam
1181 1997 1248 2017 nec
1278 1983 1353 2030 ipsa
1384 1983 1479 2031 pingi
1507 1991 1626 2031 suapte
1655 1992 1783 2018 natura
1812 1990 1937 2030 potest.
1964 1980 2101 2014 Rursus

403 2041 498 2076 0111111
526 2042 789 2077 sciscitantibus
816 2042 920 2078 nobis
943 2057 981 2078 ac
1003 2042 1269 2086 dubitantibus,
1290 2044 1391 2079 istius
1420 2044 1587 2092 sapientis
1615 2057 1795 2078 sermones
1810 2071 1817 2085 ,
1840 2056 1908 2076 nee
1932 2055 2005 2076 non
2031 2041 2103 2075 illo-

401 2115 483 2137 rum
511 2102 571 2151 qui
593 2102 720 2138 exinde
742 2117 841 2138 nunc
862 2113 1086 2151 argutantur,
1106 2104 1160 2138 vel
1182 2113 1222 2139 ut
1243 2105 1362 2139 verius
1386 2105 1524 2139 dicatur
1544 2104 1751 2146 insaniunt,
1773 2116 1900 2151 quaeso
1925 2102 2102 2150 explicent

405 2163 495 2209 (hoc
525 2164 620 2198 enim
647 2164 765 2200 adhuc
796 2165 937 2200 illorum
964 2165 1174 2200 absurditati
1204 2168 1408 2215 superest);
1434 2167 1551 2201 dicant
1580 2166 1656 2208 isti,
1685 2166 1852 2213 inquam,
1878 2164 2029 2199 animata
2057 2177 2102 2197 ne

406 2222 540 2259 Christi
562 2226 717 2260 humana
744 2226 877 2270 forma,
901 2226 989 2262 dum
1017 2228 1207 2274 figuratur,
1230 2241 1275 2262 an
1305 2227 1515 2269 inanimata,
1537 2228 1579 2261 ab
1607 2227 1813 2261 adsumente
1843 2225 1961 2260 divino
1986 2224 2103 2259 Verbo

406 2282 581 2320 discedit?
602 2285 695 2320 Nam
717 2286 743 2321 si
765 2286 960 2322 inanimata
975 2315 982 2329 ,
1005 2287 1154 2322 moritur
1176 2288 1305 2322 iterum
1330 2286 1468 2322 Christi
1489 2287 1709 2330 humanitas,
1731 2300 1927 2334 rursusque
1949 2286 1987 2320 fit
2008 2285 2104 2319 inter

405 2352 558 2379 mortuos
580 2345 640 2393 qui
661 2345 753 2381 inter
774 2347 852 2383 illos
875 2347 963 2382 liber
985 2356 1057 2382 erat
1071 2376 1080 2390 ,
1101 2362 1226 2383 rursus
1247 2348 1491 2395 crucifigitur,
1515 2357 1549 2383 et
1573 2347 1774 2396 spectaculo
1795 2346 2026 2394 proponitur3
2047 2359 2105 2379 ne-

406 2418 474 2451 que
505 2405 570 2440 hoc
593 2407 720 2450 semel,
741 2408 801 2443 sed
826 2422 926 2456 saepe
950 2422 989 2443 ac
1011 2422 1166 2457 semper,
1188 2410 1483 2457 quotiescumque
1507 2409 1651 2456 figurari
1673 2408 1869 2454 eontigerit.
1899 2406 2009 2441 Porro
2034 2407 2106 2441 ina-

407 2465 581 2500 nimatum
605 2467 727 2514 (dicet
748 2469 895 2517 aliquis)
918 2483 985 2504 nec
1008 2470 1248 2518 aliquoversus
1277 2485 1420 2519 pergere
1449 2479 1590 2519 propter
1611 2483 1708 2504 suam
1730 2468 2013 2503 immobilitatem
2034 2477 2106 2516 pot-

410 2534 485 2568 est,
506 2540 623 2575 neque
646 2529 831 2565 transilire.
860 2530 1011 2578 Insuper
1031 2531 1294 2579 inexploratum
1322 2540 1392 2573 est,
1415 2531 1570 2580 quonam
1591 2545 1626 2565 se
1650 2530 1765 2565 anima
1789 2530 1983 2564 transferet.
2012 2528 2105 2564 Nam

406 2586 435 2620 si
462 2587 550 2622 forte
578 2587 690 2622 velint
710 2588 871 2625 Verbum
899 2592 1038 2627 animae
1059 2592 1135 2627 loco
1157 2606 1253 2636 esse,
1275 2593 1458 2627 manifeste
1487 2592 1572 2626 hinc
1601 2591 1743 2625 arianae
1771 2591 1958 2625 haereseos
1983 2590 2106 2637 dogma

409 2648 535 2685 existit.
566 2647 631 2684 Sin
661 2650 810 2685 animata
838 2652 988 2687 humana
1018 2652 1155 2688 Christi
1182 2655 1293 2689 forma
1321 2662 1522 2702 separatur,
1544 2653 1699 2701 quonam
1727 2652 1881 2700 deniqne
1902 2652 1965 2686 ista
1985 2651 2106 2693 abeat,

405 2710 556 2745 istorum
576 2710 734 2745 insaniae
759 2721 1045 2748 consentaneum
1064 2714 1129 2749 erit
1152 2714 1282 2750 dicere.
1308 2714 1455 2749 Scilicet
1476 2714 1532 2748 hie
1554 2713 1703 2749 maxime
1721 2712 1885 2761 proprius
1908 2721 1943 2747 et
1964 2712 2107 2754 obvius,

406 2771 444 2805 in
472 2785 542 2820 quo
570 2772 607 2807 hi
632 2780 815 2807 versentur
842 2783 1033 2821 reputatur
1059 2775 1167 2811 locus.

511 2831 603 2879 Quis
622 2832 699 2876 hic,
717 2833 881 2881 inquam,
898 2834 1020 2871 locus?
1037 2835 1174 2871 Volunt
1196 2837 1353 2878 scilicet,
1375 2837 1468 2871 idem
1490 2836 1635 2871 omnino
1656 2845 1761 2884 atque
1784 2836 2014 2883 archetypum
2035 2847 2106 2868 esse

407 2893 656 2938 simulacrum,
678 2903 710 2930 et
731 2903 925 2944 utrumque
949 2911 1020 2931 0550
1043 2897 1364 2940 consubstantiale,
1380 2897 1543 2946 nihilque
1566 2897 1715 2932 invicem
1736 2897 1879 2932 differre
1897 2905 2042 2945 putantg
2061 2896 2108 2931 ita
