2203 3331
740 212 802 235 rao
828 211 957 234 SANCUS
985 210 1186 232 insomnis.
1741 200 1812 233 Qec}

117 269 245 319 quium
273 280 410 316 semper
439 267 588 309 offerre,
611 266 718 301 sicuti
743 267 878 302 dictum
901 275 972 308 est,
994 278 1121 312 nempe
1150 265 1245 313 quod
1267 267 1302 302 *ἦ
1327 267 1432 302 corde
1454 266 1613 302 creditur
1641 265 1683 301 ad
1714 266 1813 301 iusti-

119 331 223 373 tiam,
244 343 305 365 ore
326 337 446 363 autem
468 328 646 364 confessio
668 328 708 363 fit
728 328 770 363 ad
792 328 950 363 salutem.
974 326 1026 361 Ita
1048 326 1104 360 ille.
1127 326 1232 360 ctiam
1254 327 1313 374 qui
1336 328 1417 361 olim
1440 328 1552 363 cordis
1575 342 1697 375 gressu
1722 328 1814 362 clau-

118 392 276 433 dicabat,
294 404 396 425 nune
418 399 530 425 rectas
552 390 750 425 decurrens
772 389 901 424 orbitas
924 397 1027 436 atque
1049 387 1139 427 viasq
1159 387 1458 423 desideratissimo
1481 388 1674 424 Servatoris
1697 403 1813 424 amore.

118 453 287 488 incensus
302 480 310 495 ,
333 460 511 500 tamquam
533 451 590 486 siti
611 451 780 486 anhelans
802 464 922 485 cervus
944 462 1079 484 summa
1103 449 1217 483 exsilit
1241 450 1479 486 ctjiiitciitionc.
1508 450 1617 485 Canit
1640 451 1757 498 itaque
1778 451 1796 470 ᾗ

117 520 140 535 “
173 513 472 562 quemadmodum
494 513 670 548 desiderat
693 525 815 547 cervus
839 511 882 546 ad
904 512 1019 545 fontes
1043 523 1232 558 aquarum.
1257 510 1305 544 ita
1333 509 1511 545 desiderat
1533 512 1647 545 anima
1671 525 1747 546 mea
1769 511 1814 546 ad

119 603 143 618 „
172 573 290 609 Deum
313 574 440 608 fortem
460 574 590 609 vivum.
616 602 638 616 ,‚
663 572 746 615 Sic,
768 581 810 607 ut
836 571 1037 607 summatim
1062 571 1199 609 dicam,
1221 571 1282 618 qui
1308 571 1433 605 sitiunt
1449 600 1456 607 .
1483 572 1502 605 ii
1525 572 1565 606 ad
1588 572 1676 606 sitae
1701 580 1733 606 ct
1756 573 1816 606 im-

115 635 337 670 mortalitatis
363 635 497 670 sontem
521 634 711 669 Christum
738 633 931 675 festinant,
954 641 1103 667 cunctos
1132 640 1338 669 vocantem.
1362 631 1526 680 claraque
1552 647 1634 667 voce
1667 633 1815 667 claman-

117 705 189 731 tem
207 697 226 717 *ξ
247 702 269 717 “
295 696 356 744 qui
377 696 469 738 sitit,
487 695 605 730 veniat
624 694 668 729 ad
689 707 763 736 me,
783 702 816 728 et
837 694 934 728 bibat
956 722 978 736 ,‚
999 702 1033 728 et
1054 693 1200 728 haurire
1224 706 1350 741 aquam
1372 693 1416 727 de
1440 693 1595 728 sontibus
1619 692 1815 728 Servatoris

115 757 315 792 hortantem
344 758 371 792 *ἦ
401 755 495 791 Hine
523 756 639 790 anima
669 755 820 790 salutare
847 753 918 789 Dei
948 754 1092 797 sitiens,
1119 754 1253 801 rigatur
1281 762 1314 788 et
1343 754 1604 801 impinguatur,
1626 755 1814 802 vigensque

115 818 339 866 postmodum
362 825 397 852 et
423 825 544 852 ornata
573 825 741 865 apparet,
762 816 897 864 pietate
919 830 958 851 ac
980 815 1113 851 iustitia
1143 824 1177 850 et
1204 815 1337 850 virtute
1366 815 1465 850 omni
1490 815 1619 849 florens
1634 843 1642 857 ,
1666 815 1817 863 splendi-

113 879 232 926 deque
254 877 445 913 admodum
474 885 669 912 venustata.
700 876 806 912 Certe
829 877 914 912 liaeo
937 877 1053 911 omnia
1075 876 1119 911 de
1145 876 1332 911 animabus
1360 876 1611 911 incredulitate
1639 875 1815 918 liberatis,

112 948 147 974 et
174 939 218 974 de
246 947 342 973 tanta
362 938 514 987 Deoque
539 952 719 986 congrua,
743 946 778 973 et
806 938 910 985 digna
933 937 1113 985 largientis
1134 937 1344 972 liberalitate
1368 946 1403 973 et
1426 937 1522 985 copia
1537 966 1545 980 ‚
1566 937 1672 972 immo
1700 935 1815 984 potius

113 1001 188 1036 eius
217 1014 297 1047 erga
323 1000 484 1035 homines
508 1000 729 1048 benignitate
745 1029 752 1043 ‚
776 1000 847 1035 dici
871 1000 1021 1048 aequius
1045 1008 1106 1036 est.

217 1060 326 1107 Quod
349 1069 472 1096 autem
496 1062 559 1110 qui
583 1061 726 1096 advenit
747 1061 943 1095 animarum
964 1059 1127 1095 medicus
1142 1088 1150 1103 ,
1174 1060 1379 1107 corporibus
1401 1060 1507 1094 etiam
1531 1058 1699 1094 curandis
1721 1072 1816 1107 para—

114 1131 172 1157 tus
195 1121 368 1165 adfuerit,
393 1122 612 1157 demonstrat
640 1129 847 1157 sanatorum
873 1120 1143 1156 innumerabilis
1171 1120 1376 1156 multitudo.
1404 1120 1496 1156 Nam
1524 1120 1594 1155 fide
1618 1120 1656 1154 in
1678 1120 1816 1154 beneta-

111 1191 246 1218 ctorem
265 1196 373 1218 suum
395 1183 512 1218 animo
534 1183 733 1231 purificati,
755 1182 886 1218 deinde
907 1182 1013 1217 simul
1030 1181 1247 1229 recipiebant
1267 1195 1455 1230 corporum
1473 1195 1615 1230 quoque
1634 1189 1816 1228 aegrotan-

112 1245 204 1279 tium
224 1244 387 1278 sanitates
401 1272 410 1287 ,
431 1258 502 1292 quo
526 1252 682 1292 tempore
705 1243 849 1291 grandia
871 1243 930 1277 illa
951 1257 992 1278 ac
1014 1242 1242 1277 multiformia
1264 1243 1473 1291 operabatur
1494 1241 1680 1278 miracula:
1702 1241 1816 1276 caecis

111 1306 211 1341 enim
230 1305 348 1339 visum
374 1304 572 1352 prodigiose
600 1304 835 1351 largiebatur,
856 1303 1002 1352 leprosis
1023 1303 1271 1351 purgationem
1298 1303 1469 1346 faciebat,
1493 1303 1623 1339 claudis
1644 1303 1742 1337 bases
1764 1302 1817 1337 in-

109 1366 290 1400 staurabat
317 1379 358 1400 ac
384 1365 592 1409 roborabat,
614 1365 823 1414 paralyticos
844 1373 877 1400 et
898 1366 1066 1400 membris
1095 1365 1285 1400 dissolutos
1313 1365 1508 1400 incolumes
1529 1374 1563 1400 ct
1582 1365 1673 1399 bene
1701 1364 1816 1399 valen-

112 1435 165 1461 tes
188 1426 381 1468 efficiebat,
401 1426 618 1462 daemonum
639 1427 777 1474 agmina
798 1426 1016 1473 obiurgando
1037 1426 1207 1474 pellebat,
1228 1434 1260 1461 et
1282 1426 1324 1460 ab
1344 1427 1472 1461 liorum
1489 1440 1586 1460 saeva
1609 1425 1816 1461 incursione

112 1487 266 1522 obsessos
293 1486 487 1530 liberabat,
510 1487 660 1535 aliisque
683 1487 784 1522 aliter
805 1487 1046 1522 laborantibus
1067 1487 1224 1534 vigorem
1251 1487 1419 1530 indebat,
1443 1495 1477 1522 et
1501 1486 1646 1521 omnino
1673 1499 1817 1521 omnem

109 1548 276 1583 morbum
297 1561 511 1597 omnemque
534 1548 760 1595 languorem,
780 1549 833 1584 uti
851 1547 951 1584 Deus
972 1548 1272 1596 benignissimus,
1291 1548 1352 1597 qui
1371 1562 1453 1583 suae
1474 1556 1655 1583 creaturae
1676 1547 1817 1582 misere-

111 1618 193 1652 tur,
216 1609 253 1643 in
280 1609 410 1658 populo
432 1609 618 1644 medicans
639 1610 855 1645 versabatur.
883 1609 1121 1644 Peccatorum
1149 1609 1301 1657 denique
1316 1638 1324 1652 ,
1346 1609 1442 1658 quod
1471 1609 1584 1644 maius
1612 1609 1817 1657 perfectius—

108 1684 179 1718 que
201 1684 288 1718 opus
310 1678 364 1705 est
387 1671 560 1718 (namque
579 1670 616 1704 in
636 1670 711 1705 eius
729 1678 899 1719 potestate
919 1678 971 1706 est
988 1679 1133 1718 peecata
1153 1670 1358 1705 hominibus
1382 1670 1628 1716 condonare),
1646 1670 1818 1705 remissio-

110 1743 194 1766 nem
213 1730 378 1777 largieus.
408 1728 472 1764 Sic
493 1729 739 1778 Redemptoris
760 1744 800 1765 ac
823 1729 1006 1765 servatoris
1028 1731 1141 1765 nostri
1165 1730 1352 1779 discipuli,
1374 1730 1564 1765 imitatores
1587 1731 1670 1765 sacti
1695 1730 1818 1766 ineffa-

109 1791 190 1826 bitis
213 1791 290 1826 eius
311 1790 543 1837 benignitatis
557 1819 565 1834 ,
587 1799 777 1840 postquam
802 1790 959 1839 Spiritus
983 1791 1121 1826 donum
1142 1800 1380 1840 receperunt,
1401 1792 1528 1826 similia
1550 1791 1720 1827 miracula
1741 1806 1817 1840 per-

108 1851 295 1900 petrandi,
318 1851 420 1887 illum
441 1852 483 1886 ad
504 1851 699 1900 speciosam
719 1853 774 1888 uti
795 1853 988 1888 vocabatur
1018 1852 1139 1901 templi
1168 1862 1306 1901 portam
1334 1853 1555 1888 residentem
1576 1853 1744 1888 claudum
1767 1867 1816 1888 sa-

109 1913 165 1948 nis
187 1913 339 1962 pedibus
367 1914 582 1960 effecerunt3
609 1922 647 1948 ut
669 1914 707 1948 in
728 1914 795 1949 lioc
824 1914 896 1962 ipso
918 1914 1130 1949 vaticinium
1157 1914 1304 1949 liaberet
1333 1914 1490 1957 exitum,
1512 1914 1605 1962 quod
1631 1915 1680 1949 ait
1704 1916 1740 1951 *z
1766 1929 1816 1949 sa-

111 1974 194 2017 liet,
215 1974 312 2009 'sicut
335 1988 480 2017 cermS,
503 1974 659 2010 claudus.
687 1974 838 2023 Aliaque
864 1975 984 2010 omnia
1011 1990 1073 2024 per
1095 1984 1302 2023 operantem
1322 1976 1358 2010 in
1384 1989 1418 2010 se
1441 1976 1588 2022 gratiam
1617 1976 1816 2011 efficiebant

110 2036 147 2069 in
174 2035 302 2083 populo
328 2043 513 2083 tantopere
539 2036 651 2078 mira,
677 2044 718 2070 ut
744 2036 838 2071 hunc
863 2036 906 2070 ad
930 2050 1047 2071 veram
1071 2036 1271 2071 doctrinam
1297 2044 1554 2071 converterent.

215 2095 293 2130 Iam
315 2110 395 2130 vcro
423 2096 603 2131 docilibus
631 2096 782 2144 quidem
810 2105 845 2132 et
868 2097 981 2132 bonae
1009 2097 1202 2132 voluntatis
1231 2096 1434 2132 hominibus
1464 2097 1510 2132 ita
1538 2111 1688 2145 superne
1716 2097 1816 2131 liber-

112 2166 162 2191 tas
186 2156 344 2191 exhibita
365 2156 442 2191 suit.
464 2156 669 2192 Incredulis
691 2166 812 2192 autem
833 2158 998 2193 adversus
1020 2159 1199 2193 veritatem
1223 2158 1306 2206 quid
1328 2157 1427 2192 'Deus
1449 2158 1628 2193 contulit?
1648 2158 1814 2206 spiritum

113 2217 426 2265 compunctioniS‚
445 2218 567 2252 oculos
587 2227 711 2253 utnon
733 2218 911 2261 viderent,
932 2233 1035 2254 aures
1056 2229 1094 2254 ut
1112 2233 1183 2253 non
1206 2219 1370 2254 audirent
1387 2220 1414 2254 ἦ
1435 2219 1527 2254 Nam
1550 2227 1673 2253 contra
1691 2233 1813 2253 sensus

111 2292 195 2313 suos
224 2292 359 2326 semper
388 2287 548 2325 egerunt.
578 2279 722 2314 Auditu
752 2280 846 2314 enim
875 2280 1092 2317 audierunt.
1120 2281 1210 2328 quin
1241 2280 1505 2327 intelligerent3
1533 2280 1694 2314 videntes
1723 2280 1815 2315 vide-

113 2347 220 2381 runt‚
244 2347 279 2373 et
306 2339 546 2375 nesciverunt.
579 2339 786 2375 Crassatum
812 2349 861 2375 est
887 2355 947 2376 cor
976 2355 1118 2383 eorum,
1142 2350 1174 2375 et
1195 2341 1340 2375 auribus
1369 2341 1518 2387 graviter
1539 2341 1756 2383 audieruut,
1779 2350 1813 2375 et

113 2399 235 2435 oculos
257 2413 336 2434 suos
361 2409 648 2448 compresserunt
671 2403 698 2436 ἦ
723 2400 881 2436 Instante
908 2402 1003 2436 enim
1026 2410 1207 2449 tempore,
1231 2415 1302 2450 quo
1323 2401 1551 2436 mendacium
1576 2416 1611 2436 se
1638 2402 1812 2444 intendit,

113 2461 135 2494 ii
157 2460 220 2509 qui
240 2468 343 2495 antea
364 2461 520 2495 veritatis
542 2461 678 2496 lumine
700 2461 867 2496 illustrati
888 2463 1049 2504 suerant2
1073 2462 1198 2497 mentis
1222 2462 1343 2497 oculos
1367 2472 1491 2510 sponte
1511 2463 1649 2510 propria
1670 2463 1736 2497 sibi
1760 2477 1814 2497 ex-

112 2530 370 2565 caecaverunt,
394 2531 430 2557 et
457 2523 575 2557 cordis
603 2537 707 2558 aures
737 2524 1004 2571 oppilaverunt,
1029 2532 1062 2558 et
1089 2524 1131 2558 ad
1160 2523 1356 2558 faciendam
1383 2524 1612 2572 iniquitatem
1638 2524 1814 2559 incubue-

110 2591 215 2625 runt,
238 2583 277 2617 in
300 2592 441 2618 tantum
462 2593 502 2619 ut
523 2599 567 2619 ne
591 2585 795 2633 perspicuae
817 2585 964 2634 quidem
988 2594 1022 2620 et
1043 2585 1267 2633 pervulgatae
1289 2585 1488 2620 sententiae
1511 2586 1716 2634 prophetica
1738 2599 1812 2620 ora-

112 2642 190 2677 cula
218 2644 340 2679 audire
367 2653 584 2693 paterentur.
614 2646 705 2681 Nam
734 2646 818 2694 quid
849 2646 1060 2694 supradictis
1090 2646 1142 2681 vel
1171 2660 1250 2681 mox
1278 2647 1437 2682 dicendis
1460 2647 1682 2682 manifestius
1708 2655 1810 2694 atque

108 2703 312 2751 limpidius?
337 2704 480 2741 Etenim
508 2708 553 2741 ita
581 2721 615 2742 se
644 2708 775 2742 liabent
803 2709 829 2743 ἦ
856 2714 878 2728 “
907 2706 1004 2742 Haec
1033 2707 1120 2741 dicit
1147 2708 1314 2742 dominus
1342 2707 1445 2743 Deus
1474 2707 1658 2742 lsraliclis:
1684 2708 1721 2741 iu
1751 2706 1809 2740 die

113 2793 135 2807 2.
164 2764 221 2798 itta
244 2766 400 2801 confidet
420 2767 525 2802 homo
547 2768 671 2803 factori
695 2783 778 2811 suo‚
800 2768 965 2816 oculique
989 2769 1065 2803 eius
1088 2768 1131 2802 ad
1155 2777 1315 2804 sanctum
1338 2768 1500 2804 Isralielis
1519 2768 1717 2816 respicient.
1740 2766 1811 2801 Nc-

113 2852 136 2867 „
165 2839 233 2873 que
263 2826 444 2862 confident
472 2828 622 2864 ulterius
649 2829 820 2864 malivolis
849 2829 943 2871 suis,
967 2843 1084 2877 neque
1114 2829 1202 2873 aris,
1224 2844 1341 2878 neque
1367 2830 1517 2877 opificiis
1541 2841 1710 2863 manuum
1734 2841 1809 2861 sua-

113 2914 135 2927 „
164 2899 263 2929 rum,
286 2901 372 2935 quae
395 2888 517 2936 digitis
540 2890 613 2925 suis
635 2891 818 2936 fecerunt:
842 2890 900 2925 sed
926 2890 1108 2926 confident
1131 2899 1254 2926 sancto
1280 2891 1463 2933 Israhelis‚
1488 2899 1520 2925 et
1546 2888 1735 2924 succident
1757 2888 1809 2922 lu-

1682 2958 1694 2969 ²

1850 284 1858 292 ’
1876 283 1941 303 nnn..
1959 284 1986 303 Xv
2006 287 2035 303 ΙΝ.

1807 465 1814 486 2
1851 460 2022 480 ⁸1¹x.Xttae.·.

1851 710 1860 721 Ὗ
1877 709 1925 730 ltili.
1944 710 1992 730 ΥΠ.
2008 712 2041 730 ἕῖῗ.

1852 772 1861 780 ’
1879 771 1905 791 lx.
1922 772 1970 791 ΧΗ.
1986 776 2004 791 ἰ».

1853 1070 1890 1090 liz:
1907 1076 1928 1096 17,
1944 1073 1977 1090 σοι.

1852 1933 1861 1941 '
1877 1931 1905 1952 Ie,
1922 1933 2002 1953 XXXV
2027 1937 2045 1954 6.

1850 2238 1859 2247 ’
1876 2236 1942 2257 Rom.
1959 2237 1995 2257 M.
2012 2240 2031 2257 8.

1849 2411 1902 2432 ⁸15.
1922 2412 1993 2432 ΗΛ).

1846 2721 1857 2731 '
1873 2720 1900 2740 ts.
1917 2720 1950 2741 XX
1962 2720 1989 2741 11.
2005 2723 2026 2740 7.
