2203 3331
588 195 714 220 ADVERS
719 194 754 219 US
780 192 1026 218 CONSTANHNCM
1052 192 1273 216 cornosnimt
1279 207 1286 216 .
1739 181 1785 214 75

207 266 261 290 10.
290 252 483 289 Mittamus
510 251 606 300 loqui
629 252 670 286 de
692 264 853 286 sermone
882 257 958 297 post
979 247 1036 282 illa
1059 261 1119 296 per
1140 248 1280 294 angelos
1304 247 1440 289 habito,
1464 254 1494 282 ct
1524 246 1552 281 si
1580 245 1666 295 quid
1688 247 1781 282 aliud

95 315 152 352 his
181 315 290 350 simile
321 322 437 348 actum
466 321 527 348 est.
557 312 617 347 Sic
639 312 729 347 Navi
756 311 826 346 filio
854 310 891 344 in
920 309 1104 357 procinctu
1135 308 1240 342 stanti
1266 310 1303 350 *a
1326 309 1398 343 acie
1422 308 1491 342 iam
1521 316 1642 343 eontra
1670 308 1786 343 bostes

99 378 229 413 educta
242 405 249 419 ,
267 376 358 410 visus
379 383 430 410 est
451 375 603 409 humana
625 374 736 408 forma
757 372 857 406 divus
876 370 1041 417 angelus,
1059 376 1193 404 armato
1212 368 1353 411 similis,
1373 383 1479 403 manu
1499 369 1651 415 gladium
1671 369 1786 403 distri-

100 448 199 475 ctum
220 446 353 471 tenens.
377 435 496 482 Quem
516 448 627 484 quum
647 434 750 469 Iosua
772 432 869 481 quasi
891 431 1037 466 militem
1057 438 1250 478 spectaret,
1268 429 1414 477 visuque
1434 430 1572 465 insolito
1595 430 1785 470 attonitus,

96 500 260 548 quisnam
289 506 379 532 esset
406 497 618 543 ambigeret,
641 504 675 529 et
703 502 821 529 utrum
843 492 886 527 de
916 492 1044 541 populo
1070 505 1134 526 suo
1162 490 1310 539 aliquis,
1331 504 1375 525 an
1405 490 1446 525 de
1475 491 1650 534 hostibus,
1673 491 1787 526 scisci-

99 569 252 603 taretur·,
279 559 333 594 ille
362 573 396 593 se
426 557 567 592 militiae
592 555 741 590 Domini
768 554 895 589 ducem
923 567 995 588 esse
1023 551 1222 588 declaravit.
1252 550 1348 586 Tum
1370 560 1404 586 et
1425 551 1583 586 (livorum
1606 553 1788 601 propbeta-

98 635 179 656 rum
200 620 344 669 quidam
363 622 381 640 ᾗ
400 619 529 653 vidisse
552 632 585 652 se
606 616 802 651 Dominum
826 615 952 662 gloriae
975 614 1041 656 ait,
1065 612 1344 662 Seraphinorum
1366 626 1492 647 corona
1517 613 1787 650 circumdatum.

100 681 245 717 Etenim
272 693 385 729 quum
406 679 448 714 ad
472 686 715 713 contumacem
744 676 843 710 illum
871 674 1020 723 durique
1051 674 1165 709 cordis
1195 673 1368 722 populum
1392 673 1583 708 mittendus
1604 683 1713 717 esset,
1737 689 1788 709 ar-

99 757 188 778 cana
214 743 271 777 illa
299 741 404 788 gloria
432 740 650 781 illustratur,
672 737 830 785 labiaque
861 737 937 771 eius
967 736 1118 771 carbone
1146 735 1386 777 mundantur,
1410 743 1450 769 ut
1471 734 1563 782 'pure
1587 735 1629 769 ad
1657 750 1788 783 purum

98 804 306 849 aceederetg
326 800 506 848 divinique
528 799 698 834 sermonis
719 799 830 833 faetus
855 797 1039 839 minister,
1061 805 1163 845 atque
1191 796 1257 831 hoe
1284 795 1354 830 viso
1383 795 1557 844 gloriaque
1586 796 1787 838 roboratus,

96 864 159 899 cui
188 877 264 898 rem
290 861 424 897 nullam
453 873 657 908 comparare
687 867 842 908 poterat,
865 858 1027 893 humanis
1053 857 1194 892 cunctis
1220 856 1452 904 contemptis,
1478 856 1717 891 confidentius
1746 857 1787 891 ad

97 924 303 960 auditorum
325 921 546 957 oraculorum
568 920 888 970 promulgationem
910 919 1127 968 procederet.
1149 918 1250 953 Alius
1268 919 1285 938 *ἑ
1306 925 1425 953 autem
1446 918 1574 952 mentis
1595 917 1707 952 oculis
1728 932 1790 966 pu-

99 984 265 1026 rificatis,
287 996 398 1031 quum
426 982 689 1031 impendentem
719 981 957 1030 peccatoribus
983 980 1138 1015 divinam
1166 987 1327 1014 cerneret
1352 979 1596 1026 punitionem,
1617 980 1790 1027 praeposi-

98 1053 151 1079 tos
179 1045 263 1079 huic
292 1044 344 1078 rei
372 1044 552 1078 ministros
580 1043 690 1086 vidit,
712 1043 883 1091 bipennes
912 1055 1017 1077 manu
1045 1049 1244 1088 gestantes3
1266 1054 1337 1089 quo
1361 1039 1385 1074 ii
1407 1049 1547 1089 spectro
1573 1041 1789 1075 mortiferam

98 1114 135 1140 et
158 1105 339 1140 exitiosam
362 1105 453 1148 vim,
476 1104 674 1140 caedendae
701 1104 858 1139 sontium
879 1102 1099 1138 multitudini
1122 1101 1315 1145 intentam,
1337 1101 1659 1150 repraesentabant.
1689 1101 1789 1137 Sicut

96 1165 205 1200 etiam
226 1166 362 1200 viderat
382 1166 400 1186 *¹*
422 1165 554 1213 podere
576 1164 746 1200 indutum
760 1193 768 1207 ,
793 1164 905 1200 media
926 1164 1011 1199 urbe
1036 1163 1234 1198 discurrere
1260 1162 1414 1205 iussum,
1437 1162 1649 1211 signumque
1672 1162 1792 1211 impri-

98 1239 192 1262 mere
213 1227 252 1261 in
275 1226 453 1261 frontibus
474 1226 630 1262 virorum
658 1226 900 1274 gementium,
923 1234 957 1260 et
979 1226 1022 1260 ob
1044 1223 1163 1260 omnia
1184 1238 1271 1273 quae
1299 1224 1393 1259 inter
1415 1238 1472 1258 eos
1494 1224 1628 1259 fiebant
1648 1233 1790 1272 peecata

99 1288 354 1330 maerentium,
376 1287 493 1322 divina
514 1287 657 1323 interim
685 1287 819 1322 iustitia
847 1301 926 1321 reos
948 1287 989 1321 ab
1010 1285 1166 1321 innoxiis
1196 1294 1387 1333 separante.
1415 1284 1508 1320 Tum
1531 1293 1565 1319 et
1589 1285 1689 1320 alteri
1717 1300 1791 1334 pro-

100 1348 226 1396 phetae
255 1350 273 1369 ’ᾗ
301 1363 405 1396 eques
425 1348 570 1396 quidam
593 1363 630 1384 se
654 1348 715 1383 dat
736 1347 1052 1396 conspiciendum,
1074 1361 1165 1395 equo
1186 1348 1265 1382 ruso
1287 1346 1442 1381 insidens
1456 1375 1464 1388 ,
1486 1355 1528 1381 ut
1550 1345 1791 1382 volucritatem

100 1409 241 1443 sortasse
264 1409 488 1457 celeremque
510 1409 743 1456 gerendarum
764 1422 884 1443 rerum
906 1421 1051 1443 cursum
1071 1407 1286 1442 demonstret
1303 1408 1330 1443 ᾖ,
1349 1406 1469 1442 Faciet
1488 1421 1568 1442 vero
1589 1407 1701 1450 color,
1720 1422 1789 1456 quo

100 1469 292 1504 iracundus
315 1478 349 1504 et
373 1478 547 1505 cruentus
575 1470 777 1518 rubensque
808 1478 842 1504 et
869 1469 994 1516 igneus
1023 1470 1263 1517 pugnantium
1287 1476 1447 1516 aspectus
1469 1468 1682 1510 denotatur,
1704 1468 1790 1503 iram

101 1529 218 1578 (Dei)
249 1531 415 1565 adversus
444 1530 575 1579 aliquot
602 1531 745 1566 hostiles
780 1539 900 1577 gentes
934 1530 1065 1567 innuit.
1099 1529 1306 1578 Rursusque
1340 1529 1432 1564 idem
1464 1530 1631 1578 propbeta
1658 1531 1675 1550 ξ*
1702 1530 1791 1564 bona

98 1591 205 1625 verba
226 1600 261 1625 ct
281 1591 528 1625 consolatorios
549 1605 728 1626 sermones
751 1591 884 1634 audiit,
902 1591 1060 1626 divinam
1080 1591 1317 1640 placiditatem
1336 1590 1680 1639 benivolentiamque
1701 1605 1792 1625 nnn-

101 1651 233 1686 ciantes
247 1680 254 1694 ‚
278 1666 384 1700 quam
412 1666 492 1699 erga
514 1651 735 1687 Hierusalem
763 1661 1029 1701 expromptnrus
1053 1660 1126 1687 crat
1148 1651 1356 1687 universalis
1377 1650 1496 1694 Deus,
1518 1651 1685 1700 populum
1713 1652 1790 1687 iure

100 1711 181 1745 belli
205 1713 379 1760 captivum
400 1712 441 1746 ad
464 1713 616 1760 priorem
637 1713 905 1761 prosperitatem
923 1712 1196 1762 beatitatemque
1218 1712 1444 1758 reducendo3
1465 1721 1498 1746 et
1515 1712 1610 1761 quod
1630 1713 1712 1747 urbs
1733 1713 1794 1747 ite-

100 1786 180 1807 rum
203 1773 417 1808 aedificanda
441 1782 527 1808 essct
542 1802 550 1816 ,
574 1782 607 1808 et
628 1774 716 1808 bene
741 1788 774 1809 se
796 1774 959 1809 habitura
973 1803 981 1817 ,
1004 1783 1039 1809 et
1061 1774 1187 1822 opibus
1210 1773 1443 1809 abundatura.
1468 1773 1513 1808 Et
1534 1782 1707 1822 quotquot
1729 1774 1792 1808 alia

99 1833 253 1868 visiones
282 1835 357 1869 illae
389 1835 551 1869 cernenti
573 1836 892 1882 repraesentabant.
921 1835 1038 1884 Atque
1061 1835 1147 1870 alius
1171 1835 1290 1877 aliter,
1312 1843 1414 1883 prout
1441 1835 1531 1869 varia
1559 1835 1711 1882 dignitas
1736 1849 1794 1883 po-

96 1894 266 1937 stulabat,
287 1895 520 1941 gerendarum
542 1909 681 1944 quoque
701 1910 821 1931 rerum
840 1897 966 1943 figuras
990 1896 1195 1945 symbolicas
1215 1896 1418 1931 informatas
1436 1895 1592 1942 videbat3
1612 1905 1715 1945 prout
1737 1897 1794 1931 de-

100 1955 208 2003 nique
238 1954 336 1991 Deus
359 1956 529 1991 arbitratu
560 1971 624 1992 suo
648 1971 702 1992 res
724 1957 774 1992 his
798 1958 888 2006 typis
917 1972 1095 2006 expressas
1124 1957 1199 2004 geri
1225 1958 1378 1993 curabat.
1409 1957 1504 2003 Quid
1529 1966 1645 1993 autem
1673 1958 1794 1993 dicen-

96 2015 187 2050 dum
212 2025 283 2059 est,
307 2017 350 2051 de
380 2017 449 2051 illis
477 2031 619 2066 quoque
647 2019 855 2053 venerandis
883 2018 1085 2068 sanctisque
1114 2019 1273 2061 feminis,
1296 2027 1479 2065 unguenta
1506 2019 1653 2066 inquam
1680 2019 1794 2053 seren-

100 2077 222 2112 tibus?
250 2077 381 2112 Nonne
404 2078 613 2125 angelorum
633 2079 746 2114 visum
766 2080 932 2115 viderunt
958 2082 997 2123 ᾗ,
1019 2089 1122 2128 atque
1145 2081 1207 2115 hos
1228 2080 1313 2114 albis
1336 2080 1478 2114 indutos
1500 2079 1657 2127 stolaque
1680 2079 1794 2127 splen-

99 2136 184 2171 dida
197 2166 205 2179 ,
223 2137 311 2172 dum
332 2138 373 2173 ad
395 2139 552 2174 divinum
575 2140 778 2188 sepulcrum
800 2141 893 2189 ipsae
915 2141 1144 2184 accederent,
1162 2140 1223 2175 nbi
1240 2141 1420 2176 vivificum
1440 2141 1565 2176 summi
1582 2139 1651 2175 Dei
1669 2154 1793 2189 corpus

102 2207 173 2232 erat
195 2199 414 2246 repositum?
438 2214 591 2248 quorum
613 2201 784 2237 candidae
805 2211 920 2237 vestes
942 2211 1048 2251 atque
1069 2202 1265 2249 fulgentes,
1287 2203 1368 2250 quia
1394 2216 1619 2237 communem
1646 2202 1793 2237 humani

101 2260 242 2306 ‘generis
269 2260 438 2295 laetitiam
461 2269 493 2295 et
515 2261 765 2297 liberationem
792 2263 981 2311 symbolice
1010 2263 1263 2311 designabant,
1285 2277 1398 2312 paene
1420 2272 1502 2298 ante
1523 2277 1628 2312 quam
1649 2263 1715 2312 ipsi
1736 2278 1793 2298 an-

101 2320 186 2367 geli,
208 2335 327 2355 vocem
348 2321 440 2356 banc
462 2322 692 2359 emittebant:
712 2324 771 2372 qui
793 2325 948 2373 sepultus
972 2333 1063 2367 erat,
1085 2325 1295 2366 resurrexit,
1319 2339 1388 2359 una
1409 2338 1529 2359 secum
1555 2325 1729 2359 suscitatis
1750 2325 1792 2359 iis

100 2382 164 2429 qui
187 2382 309 2416 mortis
334 2382 465 2417 catenis
488 2384 714 2421 tenebantur.
736 2384 838 2420 Mors
859 2386 988 2434 quippe
1011 2386 1192 2420 destructa
1214 2394 1285 2428 est,
1306 2386 1379 2420 orei
1400 2386 1540 2421 vincula
1560 2385 1718 2433 dirupta,
1739 2399 1793 2420 ex-

101 2441 238 2477 tinctus
266 2442 448 2485 diabolus,
472 2452 658 2491 peccatum
686 2455 904 2482 evacuatum.
934 2445 1000 2481 Hie
1032 2446 1125 2481 enim
1148 2455 1220 2481 erat
1247 2446 1405 2482 nuncius
1430 2446 1659 2490 laetissimus,
1681 2445 1793 2494 prodi-

99 2503 237 2549 giorum
260 2504 422 2539 videlicet
447 2505 733 2554 praedicatorum
757 2507 974 2554 magnitudo.

211 2578 222 2598 1
238 2578 265 2600 1.
295 2564 390 2610 Quia
420 2566 526 2613 igitur
554 2567 693 2602 carneis
716 2568 828 2602 oculis
850 2567 1038 2603 invisibiles
1060 2577 1145 2603 sunt
1167 2568 1283 2603 saneti
1311 2568 1423 2615 angeli
1438 2597 1445 2607 ,
1467 2576 1710 2617 apparuerunt
1734 2581 1791 2601 au-

101 2632 176 2659 tem
195 2626 412 2661 multimodis
435 2627 601 2674 figuratig
622 2637 729 2676 prout
750 2629 906 2676 symbola
927 2629 1217 2664 demandatorum
1237 2629 1520 2665 ministeriorum
1542 2629 1719 2670 ferebant,
1741 2627 1787 2661 ita

102 2684 206 2718 etiam
226 2687 369 2733 figurati
389 2688 408 2707 ᾖ
428 2689 575 2723 fuerunt
596 2697 629 2723 et
649 2689 735 2737 picti
756 2689 799 2723 ad
822 2689 919 2724 bunc
940 2703 1050 2738 usque
1072 2690 1166 2725 diem
1187 2690 1279 2739 apud
1303 2690 1534 2725 Christianos.
1561 2689 1620 2723 Sic
1642 2688 1788 2736 inquam

101 2744 235 2790 agitur,
256 2747 309 2782 sic
338 2748 575 2795 praedicatur.
602 2749 647 2785 Et
667 2750 747 2799 quia
772 2751 880 2785 saneti
903 2759 1008 2794 sunt,
1030 2751 1244 2800 divinaeque
1274 2752 1461 2786 maiestatis
1488 2750 1657 2792 ministri,
1681 2757 1716 2783 et
1739 2762 1788 2782 se-

104 2805 219 2839 cunda
247 2806 379 2842 lumina
401 2822 420 2843 a
441 2809 553 2857 prima
580 2809 662 2846 luce
692 2811 896 2858 effulgentia
910 2840 918 2854 ,
940 2820 1150 2860 nostraeque
1180 2812 1298 2847 salutis
1326 2805 1501 2848 adiutores
1515 2839 1523 2854 ,
1545 2811 1622 2845 ideo
1643 2817 1677 2844 et
1698 2809 1787 2857 ipso·>

102 2879 181 2899 rum
210 2867 376 2915 imagines
404 2871 624 2907 venerandae
648 2881 858 2922 sanctaeque
879 2882 984 2917 sunt,
1006 2873 1120 2923 iisque
1148 2874 1321 2910 honorem
1350 2885 1547 2921 congruum
1573 2870 1784 2913 deferimus,

1659 2938 1673 2952 Q

1822 320 1832 332 ⁸
1850 319 1892 341 Ios.
1911 320 1936 340 V.
1954 324 1982 340 115v

1823 626 1970 647 ‘ls.v1.1.

1825 868 1864 889 Gr.
1880 874 1902 894 p.
1918 872 1952 889 fit.

1824 933 1835 941 ⁸
1851 931 1931 952 Ean-¹1.
1948 931 1984 952 lx,
2001 936 2019 951 2.

1827 1176 1837 1187 ‘
1853 1174 1910 1196 lbid.
1926 1180 1944 1196 fi.

1828 1420 1838 1431 ’
1855 1418 1922 1440 Ζᾱςῐι,
1938 1419 1954 1440 1.
1970 1422 1988 1438 s.

1826 1546 1836 1555 ’'
1851 1543 1909 1565 lbid.
1928 1546 1957 1563 17.

1828 2092 1838 2101 ⁸
1853 2090 1906 2111 Luc.
1922 2089 2000 2111 XXIV.
2015 2093 2032 2111 ἡ.

1824 2694 1834 2705 ⁸
1847 2697 1882 2720 gr.
1899 2701 1907 2714 ε
1915 2689 1987 2715 izv-21¹-

1824 2725 1934 2755 chmrm.
