2203 3331
244 1378 281 1400 cr,
295 1384 318 1405 p.
334 1381 366 1400 οι.

410 218 456 249 79.
963 225 992 248 s.
1019 225 1189 248 Nlcffl‘ltoltl
1215 223 1469 248 ANTmltltEtht‘s
1496 222 1533 246 11.

410 280 574 329 pretiosae
599 277 771 326 reliquiae
792 279 974 326 repositae.
1003 279 1160 316 Omnino
1182 281 1208 314 is
1233 279 1313 315 totis
1334 279 1467 314 viribus
1490 277 1748 323 contendebat,
1770 287 1809 315 ut
1829 279 1924 316 nulla
1946 279 2086 318 illorum

409 340 565 376 nominis
590 339 756 374 memoria
783 339 876 374 inter
899 340 1057 375 homines
1081 349 1285 389 superesset.

511 399 542 434 6.
571 398 685 434 Porro
713 413 864 447 aequum
891 409 943 435 est
971 409 1005 436 ct
1033 401 1141 443 utile,
1169 400 1399 449 dignitatique.
1428 407 1629 434 sanctorum
1659 400 1895 444 conveniens,
1923 401 1958 435 in
1985 415 2083 449 prae-

405 460 497 496 senti
523 459 641 495 dicere
661 488 669 503 ,
698 460 795 509 quod
824 475 951 509 nempe
979 461 1014 496 hi
1044 476 1107 497 ceu
1136 460 1203 495 Dei
1235 460 1382 503 famuli,
1413 469 1447 495 et
1473 459 1509 494 in
1537 460 1601 494 hac
1629 459 1698 494 vita
1730 474 1874 496 crucem
1906 462 2079 511 amplexi,

408 520 591 556 Christum
618 521 763 569 sequuti
789 522 941 565 suerint,
967 535 1049 557 cum
1069 522 1187 569 'eoque
1217 520 1399 564 crucifixi,
1427 529 1460 555 et
1487 520 1644 555 salutaris
1674 520 1748 555 eIus
1775 522 1942 569 passionis
1971 522 2082 557 imita—

404 590 496 617 tores
520 590 553 616 et
577 581 733 616 adseclae
755 582 954 628 extiterint3
971 583 1199 630 quamobrem
1220 590 1255 616 ct
1276 582 1311 616 in
1333 590 1514 617 aeternum
1535 594 1615 616 cum
1636 581 1694 616 illo
1712 583 1894 628 regnaturi
1914 592 1998 618 sunt
2017 585 2080 632 (1).

403 642 516 690 Atqui
537 656 631 677 nunc
660 642 763 677 etiam
790 651 864 690 post
892 642 1030 677 illorum
1050 657 1067 677 a
1088 642 1189 677 nobis
1214 642 1425 685 discessum,
1449 656 1528 677 cum
1553 642 1695 677 Christo
1724 644 2005 690 persecutionem
2027 658 2081 679 ex-

403 703 591 751 periuntur
619 711 651 737 ct
673 703 949 751 compatiuntur.
977 702 1067 737 Nam
1095 703 1187 751 quod
1215 712 1316 738 antea
1345 703 1538 751 archetypis
1567 703 1767 746 eveniebat,
1790 702 1825 737 id
1853 717 1949 738 nunc
1977 705 2080 739 etiam

403 763 558 812 ipsorum
579 763 774 798 simulacris
796 763 923 798 accid1t
937 791 945 805 ,
967 771 1069 810 atque
1094 763 1136 797 ob
1158 763 1335 811 duplicata
1358 763 1549 798 certamina
1564 792 1572 806 ,
1593 763 1854 812 duplicatusque
1883 764 2081 799 insectatio-

404 838 469 859 nes
491 833 593 872 atque
624 823 849 859 contumelias
871 837 888 857 a
915 836 1061 858 coronae
1083 823 1202 857 datore
1227 822 1366 858 Christo
1394 832 1583 870 ornantur,
1605 824 1796 872 vivuntque
1825 823 1904 860 Deo
1932 824 1969 859 in
1996 838 2081 860 sem-

404 885 605 932 piternum.
628 892 731 931 atque
754 884 789 917 in
813 897 896 931 paee
924 891 1126 925 versantur,
1150 882 1285 917 etiamsi
1312 883 1401 918 mori
1428 884 1489 919 visi
1511 892 1593 919 sunt
1618 884 1726 919 huius
1753 884 1867 918 stolidi
1887 884 2006 920 oculis.
2031 884 2081 919 At

404 945 530 992 impius
552 945 637 979 abiit
664 957 793 978 vacuus
807 972 815 986 ,
837 943 961 990 dignos
988 943 1146 978 laborum
1172 957 1315 978 suorum
1342 945 1495 979 referens
1516 946 1654 980 fructus
1669 973 1677 988 ,
1699 945 1877 992 gehennae
1899 946 2078 994 paratique

402 1005 469 1053 ipsi
498 1005 606 1051 ignis,
629 1003 851 1051 ducibusque
879 1003 972 1046 suis,
993 1003 1093 1037 heres
1120 1004 1239 1038 sactus
1266 1003 1334 1039 Hic
1360 1004 1522 1040 videlicet
1547 1013 1700 1053 apostata
1727 1014 1804 1054 post
1832 1014 2021 1053 apostatas,
2045 1014 2081 1041 et

403 1074 480 1113 post
502 1072 741 1113 persecutores
764 1064 914 1098 acerbus
932 1072 1137 1111 persecutor
1157 1072 1191 1098 et
1208 1064 1442 1108 saevissimus,
1458 1079 1529 1099 non
1548 1066 1627 1100 satis
1647 1066 1769 1101 habuit
1786 1067 1947 1102 adversus
1965 1066 2080 1102 adhuc

403 1127 557 1160 viventes
570 1154 577 1168 ,
601 1133 633 1160 et
654 1124 849 1159 secundum
868 1123 988 1159 Deum
1009 1124 1121 1158 vivere
1142 1124 1298 1160 volentes
1312 1153 1320 1167 ,
1343 1125 1620 1172 indignationem
1640 1125 1827 1175 odiumque
1857 1141 2056 1175 expromere
2070 1155 2079 1170 ,

405 1195 437 1222 et
458 1185 700 1221 iniustissimis
727 1184 846 1233 poenis
869 1198 925 1219 eos
949 1184 1124 1230 adficere3
1146 1185 1205 1220 sed
1227 1185 1293 1220 iam
1314 1186 1567 1233 praemortuis,
1589 1186 1781 1234 multisque
1810 1187 2078 1223 strenuitatibus

404 1255 505 1295 atque
533 1246 703 1294 agonibus
732 1246 864 1288 claros,
890 1246 1066 1293 finemque
1093 1245 1182 1281 vitae
1211 1246 1373 1294 martyrio
1401 1246 1583 1295 indeptos,
1611 1247 1824 1294 ignominia,
1845 1256 2017 1296 quantum
2042 1248 2078 1282 in

404 1308 474 1356 ipso
502 1307 587 1350 suit,
609 1315 642 1342 et
670 1306 811 1341 infamia
841 1306 969 1341 obruit.
997 1305 1069 1341 Hae
1097 1307 1242 1341 fuerunt
1269 1306 1438 1342 iuveniles
1467 1307 1541 1342 eius
1568 1307 1732 1343 adversus
1760 1316 1896 1343 sanctos
1920 1308 2081 1357 petulan-

401 1368 492 1411 tiae,
514 1368 597 1403 haee
625 1367 730 1416 impia
758 1367 919 1402 adversus
944 1367 1054 1402 iustos
1082 1367 1256 1410 facinora,
1278 1367 1368 1402 hanc
1396 1367 1565 1402 iudicavit
1592 1369 1707 1403 facere
1736 1368 2080 1411 remunerationem,

401 1443 461 1477 pro
484 1443 542 1464 sua
562 1429 668 1464 huius
695 1428 784 1463 vitae
809 1427 975 1463 felicitate
989 1456 997 1471 ,
1018 1427 1055 1462 in
1076 1426 1194 1462 Deum
1216 1427 1350 1463 scilicet
1371 1436 1405 1463 et
1427 1437 1562 1463 sanctos
1583 1427 1756 1464 iniuriam.
1784 1428 1892 1464 Mitto
1913 1443 2009 1464 nunc
2031 1429 2081 1463 di-

404 1504 482 1525 cere
504 1498 589 1538 quot
610 1498 815 1538 quantaque
841 1497 962 1523 contra
985 1487 1217 1535 evangelicam
1237 1488 1436 1523 doctrinam
1457 1488 1684 1532 insaniverit,
1707 1498 1746 1524 ut
1772 1489 2006 1537 evangelicam
2031 1497 2081 1524 to-

403 1560 469 1586 tam
496 1551 602 1585 vitam
629 1550 832 1598 despuerit,
854 1557 956 1598 atque
977 1549 1018 1584 ad
1040 1563 1140 1584 suam
1167 1549 1339 1584 carnalem
1360 1550 1623 1598 improbamque
1644 1549 1862 1584 voluntatem
1885 1563 2001 1585 mores
2022 1549 2081 1584 ho-

401 1611 538 1646 minum
564 1610 762 1658 pertrahere
793 1617 936 1644 conatus
965 1608 1019 1644 sit.
1048 1608 1144 1644 Haec
1172 1618 1255 1644 sunt
1281 1609 1482 1652 molimina,
1508 1618 1548 1644 ut
1574 1609 1725 1644 breviter
1751 1609 1887 1652 dicam,
1908 1623 1996 1658 quae
2025 1609 2082 1644 de-

402 1679 645 1719 prompturum
667 1685 701 1705 se
723 1670 969 1718 promittebat,
992 1670 1058 1704 hae
1080 1678 1161 1705 sunt
1187 1670 1317 1705 mentis
1347 1671 1595 1718 conceptiones
1616 1684 1656 1705 ac
1678 1669 1974 1713 deliberationes,
1995 1684 2080 1718 quas

400 1732 564 1766 adversus
588 1731 805 1766 infallibilem
825 1740 980 1766 nostram
1001 1731 1126 1774 fidem,
1149 1739 1182 1766 et
1202 1731 1406 1778 angelorum
1426 1731 1647 1766 imitatricem
1673 1730 1957 1766 Christianorum
1976 1731 2081 1765 vitam

401 1792 459 1827 hic
483 1791 612 1826 Christi
632 1792 737 1826 hostis
758 1791 974 1827 moliebatur.
999 1790 1069 1826 Sed
1090 1791 1157 1826 iam
1176 1791 1261 1826 belli
1282 1799 1405 1826 contra
1425 1801 1586 1834 sanctos,
1608 1792 1668 1840 qui
1689 1790 1883 1827 Dominum
1903 1805 1923 1826 a
1944 1790 2080 1826 saeculo

400 1852 438 1887 in
461 1861 549 1887 terra
572 1852 873 1900 glorificaverunt,
892 1851 968 1886 heic
991 1852 1072 1886 finis
1095 1852 1158 1898 sitg
1179 1851 1321 1900 eiusque
1341 1851 1485 1887 consilia
1506 1866 1592 1900 quae
1613 1852 1814 1887 inconsulto
1835 1860 1868 1886 et
1888 1851 2078 1898 irreligiose

400 1912 596 1960 producere
625 1913 781 1956 volebat,
805 1912 880 1947 sine
909 1912 981 1947 ullo
1012 1921 1194 1960 respectu,
1214 1912 1426 1947 venerandas
1456 1921 1662 1947 sanctorum
1689 1926 1872 1961 sacrasque
1895 1911 2079 1946 memorias

400 1974 651 2008 contumeliose
682 1973 885 2016 tractando,
913 1973 1055 2008 demum
1081 1973 1248 2008 desinant.
1277 1972 1339 2008 Ille
1369 1981 1485 2008 autem
1511 1986 1624 2020 pauca
1652 1986 1669 2007 e
1697 1972 1815 2007 multis
1843 1986 1930 2020 quae.
1960 1972 2079 2006 animo

402 2035 635 2070 destinaverat
659 2043 868 2082 exsequutus
883 2062 891 2077 ,
912 2047 1106 2082 magnaque
1129 2033 1272 2082 insuper
1294 2033 1323 2068 si
1343 2033 1476 2068 diutius
1498 2032 1646 2067 stetisset
1671 2032 1877 2068 detrimenta
1900 2032 2079 2075 illaturus,

402 2095 475 2130 sine
501 2095 609 2130 dubio
633 2109 735 2142 aegre
759 2096 863 2130 ferret
887 2094 915 2129 si
938 2094 1089 2137 viveret,
1114 2094 1183 2129 nisi
1208 2103 1243 2130 et
1267 2094 1399 2143 reliqua
1428 2103 1714 2129 consummasset.

506 2170 536 2204 7.
566 2155 663 2202 Quid
681 2156 775 2190 enim
792 2155 835 2190 de
856 2155 1062 2190 caelestibus
1079 2155 1219 2202 dixisset
1237 2155 1364 2190 sanctis
1383 2169 1421 2190 ae
1443 2154 1739 2203 supramundanis
1758 2154 1951 2203 potenti1s?
1973 2152 2079 2200 Quod

406 2231 516 2263 genus
545 2217 697 2252 fuissent
725 2216 997 2251 deliberationes
1026 2217 1119 2260 eius,
1147 2230 1232 2265 quas
1260 2225 1332 2252 erat
1358 2216 1579 2265 prolaturus,
1606 2225 1648 2251 ut
1676 2216 1739 2250 illis
1769 2215 1871 2250 etiam
1897 2215 2081 2262 negotium

407 2277 524 2325 inique
553 2278 768 2313 facesseret?
792 2277 909 2326 quales
936 2291 1047 2324 nugas
1074 2285 1176 2325 atque
1204 2277 1407 2325 praestigias
1434 2277 1635 2312 adinvenire
1665 2277 1708 2311 oh
1736 2276 1914 2311 infamiam
1935 2275 2001 2310 illis
2023 2275 2080 2310 ad-

484 2364 520 2394 (1)
539 2363 657 2390 Causam
678 2364 749 2399 piam
769 2371 818 2390 cur
836 2364 997 2391 Sanctorum
1016 2363 1150 2399 imagines
1167 2363 1333 2391 honoremus
1357 2362 1442 2391 tradit
1465 2363 1536 2391 inter
1559 2367 1662 2391 eeteros
1685 2363 1766 2390 etiam
1786 2362 1924 2389 Macarius
1942 2365 2010 2388 orat.
2032 2361 2078 2388 cit.

404 2408 476 2434 Οὕτω
497 2410 520 2433 δέ
541 2409 583 2434 καὶ
607 2410 630 2434 οἶ
650 2410 718 2443 ἅγιοι
740 2411 781 2435 τόν
800 2411 912 2444 Χριστόν
932 2409 1087 2445 η’γοίπησαν,
1104 2410 1168 2436 ὥστε
1189 2410 1216 2435 δι’
1233 2411 1310 2436 αότόν
1331 2410 1371 2436 τόν
1393 2411 1455 2445 ὑπὲρ
1475 2411 1542 2445 ήμῶν
1562 2409 1642 2436 admi
1659 2407 1828 2444 μιμήσασθαι
1849 2407 1968 2433 θάνατον·
1988 2408 2029 2432 καὶ
2051 2410 2078 2433 τό

402 2454 519 2488 ποτήξιω
539 2454 651 2488 ἀσμένως
671 2456 750 2480 ποιεῖν
770 2455 863 2481 ἐκείνου
876 2475 882 2487 ,
899 2456 942 2481 καὶ
964 2456 990 2481 τό
1015 2455 1152 2489 Βαίπτισμα
1171 2454 1356 2486 βαπτισθῆναι·
1378 2456 1422 2481 xxi
1444 2456 1484 2480 διά
1505 2457 1579 2481 τοῦτο
1599 2455 1614 2483 νζ
1635 2454 1759 2481 ἐκκλησία
1777 2453 1968 2487 συνδαξσζῡυσα
1986 2454 2017 2476 τῶ
2034 2452 2082 2483 βα-

401 2500 471 2524 σιλεῖ
487 2500 543 2526 τούς
560 2501 715 2533 στρατιώτας
727 2519 733 2531 ,
750 2500 829 2526 αὑτοῦ
845 2511 871 2525 τε
888 2502 995 2535 Χριστοῦ
1015 2501 1057 2526 καί
1074 2502 1118 2526 τῶν
1135 2500 1215 2526 αὐτοῦ
1231 2501 1305 2535 φίλων
1321 2501 1366 2530 τάς
1383 2501 1576 2535 στηλογραφιάς
1595 2503 1664 2534 τιμᾷ·
1681 2500 1724 2524 καί
1740 2497 1883 2533 καθορῶμεν
1904 2497 1998 2526 αὑτήν.
2015 2509 2082 2532 παγ-

401 2545 507 2578 κόσμιον
528 2544 602 2573 ὅντως
622 2545 664 2570 καὶ
685 2544 794 2573 αἐιὸνιλῆ
813 2546 982 2580 παράδεισον,
997 2547 1040 2572 nai
1060 2547 1104 2572 τοῦ
1123 2546 1147 2571 ἐν
1163 2545 1241 2580 Ἐδὲμ.
1260 2547 1347 2580 πολλῷ
1368 2546 1518 2580 τιμιώτερον·
1534 2546 1566 2575 ῶς
1580 2546 1668 2579 φυτοῖς
1688 2544 1815 2578 διαφόροις
1836 2545 1890 2573 τοῖς
1909 2545 2013 2574 σεπτσῖς
2035 2548 2079 2569 τῶ,

400 2590 474 2624 ἁγίων
493 2590 644 2625 μορφώμασι
665 2590 895 2626 καλλωπιζομένην·
912 2592 954 2617 καὶ
975 2593 1055 2626 μέσον
1075 2591 1188 2626 ἔχουσαν
1209 2593 1238 2618 τό
1260 2591 1322 2627 ζωῆς
1343 2593 1434 2624 ξύλον,
1450 2592 1494 2619 τήν
1514 2591 1640 2626 ἆχραντον
1662 2591 1706 2615 τοῦ
1727 2591 1835 2623 σωτῆρος
1857 2590 1956 2620 εἰκόνα,
1972 2591 2016 2615 καῖ
2036 2590 2081 2619 τῆς

400 2636 477 2661 αὐτόν
495 2635 660 2670 άπειριί-ιὸρως
678 2637 798 2666 τεκούσης
816 2637 956 2670 ύπεροὶγνου
977 2636 1143 2671 &sonam-0203.
1163 2637 1263 2663 Sancti
1283 2637 1429 2670 tantopere
1449 2635 1595 2662 Christum
1617 2634 1792 2667 ditarer-unt,
1815 2636 1844 2660 ut
1862 2634 1972 2660 aditam
1994 2634 2030 2660 ab
2049 2642 2080 2660 eo

401 2680 491 2705 nosen·
510 2687 597 2706 eausa
616 2681 733 2705 mortem
754 2681 866 2706 imitari
888 2680 1042 2713 voluerint,
1057 2682 1169 2715 eiusque
1188 2678 1305 2707 calicem
1322 2679 1440 2706 libenter
1456 2678 1565 2711 bibere,
1582 2680 1610 2704 et
1625 2678 1746 2704 eiusdem
1764 2678 1903 2712 baptismo
1924 2677 2078 2712 baptizari.

403 2726 494 2757 Quam
515 2722 548 2749 ob
566 2730 627 2749 rem
647 2722 765 2749 ecclesia
784 2723 887 2750 milites
907 2732 965 2750 'una
984 2732 1046 2751 cum
1065 2732 1130 2759 φερε
1149 2724 1308 2759 qlorzflcat,
1329 2723 1493 2757 Christique
1517 2723 1604 2757 ipsius
1628 2730 1677 2748 nec
1700 2730 1753 2747 non
1776 2722 1899 2748 eiusdem
1921 2723 2080 2748 amicorum

402 2768 539 2801 imaqz'nes
552 2766 663 2801 publice
676 2768 842 2802 propositas
858 2767 989 2794 honorat.
1008 2770 1106 2802 Itaque
1123 2768 1269 2795 ecclesiam
1284 2767 1411 2794 videmus
1425 2768 1519 2793 instar
1532 2767 1709 2792 ornatissimi
1724 2774 1758 2792 ac
1770 2766 1971 2800 florentissimi
1985 2766 2078 2798 horti,

402 2812 486 2844 atque
501 2810 550 2837 illo
564 2810 688 2837 Eclenico
709 2810 796 2837 multo
810 2810 1004 2845 pulchrioris:
1019 2820 1091 2846 quae
1109 2812 1242 2839 videlicet
1259 2819 1308 2838 ceu
1322 2810 1471 2838 arboribus
1487 2812 1577 2837 variis
1593 2812 1714 2836 ornatur
1727 2812 1894 2837 sanctorm
1911 2809 2080 2836 venerandis

403 2854 545 2888 ὶεοιιίὺιιας
564 2854 688 2881 medium
707 2854 813 2881 habens
833 2855 908 2880 vilae
927 2854 1051 2888 ltquum,
1072 2857 1271 2882 intemeratam
1290 2855 1452 2882 servatoris
1473 2855 1642 2888 ἱηιαφὶηθηι,
1663 2855 1690 2880 et
1710 2855 1768 2880 eius
1787 2855 1834 2888 qui
1853 2853 1926 2880 hunc
1946 2852 2080 2880 incolumi

406 2898 568 2931 riryc'nitate
584 2899 698 2933 peperit
714 2899 887 2933 purissimae
907 2899 1008 2926 matris
1028 2899 1091 2925 Dei.
