2203 3331
731 232 793 257 ruo
819 229 944 256 siseris
972 231 1168 254 nummatis.
1720 223 1783 255 tiz-'1

143 323 150 337 ,
178 291 322 342 quodvis
343 302 427 337 opus
448 289 579 323 bonum
599 288 782 336 reprobati.
804 288 893 323 Nam
911 287 939 322 si
956 286 1055 321 Deus
1075 286 1166 320 sinat
1184 285 1447 335 dissimuletque
1466 287 1585 336 impios
1606 288 1781 335 progredi,

128 385 151 393 „
180 366 293 389 sermo
322 363 443 386 eorum
470 349 576 384 veluti
605 363 729 384 cancer
756 350 855 384 latius
877 357 1009 396 serpet,
1031 356 1062 382 et
1083 346 1302 396 quorundam
1325 348 1428 382 fidem
1451 349 1633 385 subvertet.
1662 349 1707 383 At
1730 349 1784 383 fir-

125 444 148 458 ,.
176 427 270 450 mum
290 411 356 446 Dei
382 411 654 446 fundamentum
674 411 739 445 hoc
761 410 864 444 habet
885 409 1119 456 signaculum:
1143 408 1301 455 cognovit
1324 407 1499 443 Dominus
1520 409 1578 457 qui
1599 418 1676 444 sunt
1702 409 1782 445 cius.

128 504 153 517 .,
180 474 244 516 Et,
267 473 421 508 discedat
441 473 481 507 ab
502 472 688 520 iniquitate
716 471 826 506 omnis
848 471 907 519 qui
929 470 1086 505 nominat
1106 482 1233 503 nomen
1255 467 1399 502 Domini
1426 471 1452 505 ’ἦ
1482 469 1524 504 Et
1538 499 1545 512 ,
1566 471 1645 504 mali
1667 478 1782 504 autem

127 564 150 578 ,.
180 535 337 570 homines
359 542 393 568 et
415 533 614 568 seductores
635 531 813 580 proficient
841 531 877 565 in
905 530 1006 579 peius
1021 559 1028 573 ,
1053 539 1206 565 errantes
1229 538 1263 564 ct
1284 529 1321 563 in
1345 543 1494 564 errorem
1515 530 1689 565 mittentes
1710 532 1735 566 ᾖ.
1761 559 1783 573 „

125 596 290 643 Quorum
317 595 475 630 misereri
502 594 611 629 solere
639 592 777 635 Deum,
800 601 835 627 et
856 591 1155 639 longanimitatem
1176 604 1272 626 suam
1297 605 1377 637 erga
1407 605 1463 625 eos
1491 592 1701 634 ostendere,
1726 592 1786 626 sci—

125 670 220 697 mus,
242 658 289 691 ita
311 665 349 691 ut
369 670 446 691 sero
468 655 588 690 saltem
609 654 871 701 resipiscentes,
894 653 1043 687 melioris
1065 652 1170 699 frugis
1190 653 1285 687 fiant.
1308 651 1416 686 Porro
1439 652 1498 686 hos
1512 680 1519 693 ,
1543 653 1595 686 uti
1619 653 1684 687 iam
1708 653 1786 687 fide-

125 718 172 752 les
198 719 374 765 bonosque
402 724 435 751 et
462 714 658 750 secundum
687 714 866 748 Christum
894 713 1069 755 viventes,
1093 722 1125 747 et
1145 727 1205 761 pro
1228 712 1392 759 religione
1422 713 1705 760 persecutionem
1732 728 1786 760 pa-

128 778 252 812 tientes
268 806 276 816 ,
297 776 485 825 patientiae
508 788 629 809 eorum
650 774 869 822 fiduciaeque
891 788 994 808 causa
1017 773 1203 822 adprobat,
1226 774 1308 822 quia
1331 772 1614 807 tribulationibus
1639 774 1783 808 minime

126 838 246 879 fracti,
270 836 478 886 probatiores
502 834 823 883 splendidioresque
844 835 1068 883 apparebunt.
1092 833 1229 868 Deinde
1253 834 1474 868 observemus
1489 861 1496 874 ,
1520 833 1693 881 quomodo
1714 833 1785 867 illo-

127 912 203 933 rum
230 898 386 932 traducat
413 895 671 944 improbitatem
699 904 732 930 et
758 895 934 930 vesaniam
961 909 1074 930 PE'rlztjs
1101 909 1316 930 Divisissfflt‘s
1338 907 1573 929 DISCIPULORUM
1601 907 1785 928 §murronis

127 972 286 1000 xxmsres,
306 970 509 992 Turonorum:
537 970 633 999 APEx,
656 969 822 991 ECCLEsiAE
849 970 928 991 BASIS
954 970 993 990 ΕΤ
1019 970 1273 998 ιἰιιΜΑΜΕΠυΜ,
1297 956 1341 990 ita
1367 955 1512 1003 loquens
1533 956 1568 990 *z
1590 962 1612 975 ‘⁵
1639 955 1785 989 suerunt

124 1046 150 1061 „
179 1027 210 1052 ct
233 1018 307 1052 salsi
329 1018 511 1066 prophetae
534 1017 569 1051 in
591 1017 717 1065 populo
732 1045 740 1060 ,
762 1017 852 1052 sicut
873 1025 905 1051 et
925 1017 1015 1051 inter
1036 1031 1092 1052 vos
1113 1025 1219 1052 crunt
1240 1016 1310 1051 salsi
1335 1015 1513 1063 magistri,
1535 1015 1595 1063 qui
1621 1015 1785 1062 perditio-

126 1107 148 1121 „
176 1078 227 1112 nis
257 1087 366 1113 sectas
392 1077 639 1120 introducent,
664 1086 698 1112 et
719 1078 780 1126 qui
801 1078 953 1112 redemit
974 1092 1028 1112 eos
1050 1077 1247 1112 Dominum
1269 1078 1474 1124 abnegantes
1489 1105 1497 1119 ,
1517 1076 1612 1111 velox
1633 1076 1696 1110 sibi
1720 1076 1785 1110 exi—

127 1168 148 1181 .,
178 1139 267 1173 tium
287 1147 533 1187 procurantes,
552 1152 703 1186 quorum
722 1139 898 1173 luxuriam
918 1147 1107 1187 sequentur
1128 1138 1249 1184 multi3
1268 1152 1329 1186 per
1347 1152 1432 1186 quos
1453 1138 1606 1172 veritatis
1624 1137 1676 1171 via
1698 1137 1785 1171 blas-

127 1228 148 1235 ..
177 1200 418 1247 phemabitur,
442 1208 475 1234 et
498 1200 531 1233 in
554 1199 689 1233 avaritia
711 1199 798 1233 fictis
820 1201 930 1235 verbis
951 1200 992 1234 de
1015 1201 1110 1234 vobis
1134 1199 1414 1246 negotiabuntur.
1445 1198 1583 1244 Quibus
1611 1198 1783 1233 iudicium

127 1289 149 1301 .,
178 1260 309 1295 iamdiu
337 1275 409 1295 non
437 1269 563 1302 cessat,
585 1269 618 1294 et
646 1260 791 1308 perditio
820 1274 939 1295 eorum
967 1274 1036 1295 non
1064 1260 1237 1296 dormitat.
1266 1259 1311 1294 Et
1334 1259 1613 1294 subintroierunt
1641 1259 1783 1307 quidam

126 1350 148 1358 .,
176 1321 352 1356 homines.
374 1321 422 1356 ait
443 1321 529 1355 alius
549 1321 803 1369 discipulorum
824 1320 969 1355 Domini
991 1324 1026 1363 ᾗ,
1047 1321 1107 1368 qui
1127 1321 1209 1355 olim
1229 1321 1265 1355 in
1288 1322 1351 1356 hoc
1380 1320 1555 1355 iudicium
1576 1319 1782 1368 praescripti

125 1409 147 1417 ,.
175 1390 277 1423 sunt,
300 1382 416 1429 impii,
440 1382 582 1428 gratiam
609 1381 678 1416 Dei
704 1382 813 1416 nostri
840 1383 1086 1417 transferentes
1115 1382 1150 1416 in
1180 1382 1393 1430 impietatem
1418 1384 1467 1429 (1)
1483 1410 1491 1424 ,
1513 1395 1698 1430 unumque
1727 1381 1783 1415 do-

125 1469 147 1483 „
176 1442 380 1476 minatorem
401 1451 433 1476 et
455 1442 637 1477 dominum
657 1451 816 1477 nostrum
834 1443 952 1478 lesum
971 1443 1151 1478 Christum
1174 1452 1348 1489 negantes.
1372 1442 1470 1488 Quos
1493 1443 1593 1477 etiam
1614 1442 1783 1490 deplorari

122 1531 146 1544 „
175 1503 215 1536 ab
244 1516 282 1537 eo
310 1502 460 1537 vidimus
479 1504 514 1539 *ἦ
537 1517 596 1538 vae
618 1504 711 1538 vobis
738 1504 798 1551 qui
826 1503 861 1538 in
889 1504 939 1538 via
963 1503 1051 1539 Cain
1080 1503 1234 1546 abiistis,
1256 1513 1289 1538 et
1319 1518 1435 1538 errore
1459 1503 1597 1538 Balaam
1624 1503 1781 1538 mercede

124 1591 146 1605 .,
177 1563 277 1598 effusi
305 1572 406 1605 sunt,
427 1572 460 1598 et
487 1564 523 1598 in
552 1564 826 1599 contradictione
852 1564 962 1599 Corae
984 1565 1182 1612 perierunt!
1207 1593 1228 1607 .,
1251 1564 1407 1599 Audiant
1428 1579 1504 1598 vero
1525 1578 1612 1612 quae
1634 1564 1674 1598 de
1697 1563 1781 1611 ipsis

118 1624 342 1671 propheticus
360 1637 471 1658 sermo
489 1623 527 1657 in
545 1625 670 1672 spiritu
686 1624 907 1673 proclamavit
922 1626 954 1661 ἕξε
971 1632 993 1645 “
1013 1634 1049 1660 tu
1073 1625 1257 1659 scientiam
1274 1625 1450 1673 repulisti,
1469 1624 1517 1659 ait
1535 1624 1634 1658 divus
1653 1622 1779 1665 Oscas,

123 1713 145 1727 „
174 1699 234 1732 ego
256 1699 391 1733 quoque
413 1694 444 1719 te
464 1684 629 1732 repellam
649 1685 835 1733 quominus
855 1685 1050 1721 sacerdotio
1072 1686 1226 1733 fungaris
1244 1686 1338 1721 mihi.
1357 1685 1417 1728 Et,
1436 1685 1579 1733 laqueus
1598 1684 1680 1719 sacti
1698 1685 1780 1719 estis

173 1745 209 1779 in
226 1746 384 1794 specula,
402 1754 433 1780 et
451 1746 557 1780 veluti
572 1746 635 1794 qui
647 1747 815 1781 terminos
833 1748 1051 1782 transferunt
1066 1749 1092 1782 *ἦ
1111 1746 1228 1795 Super
1243 1748 1333 1796 ipsos
1352 1747 1528 1781 effundam
1544 1746 1640 1794 quasi
1655 1759 1779 1793 aquam

172 1806 342 1854 impetum
362 1820 480 1841 meum
500 1808 526 1841 *ἦ
551 1835 574 1848 ,‚
597 1805 694 1851 Quid
719 1815 835 1841 autem
857 1807 1066 1842 admirabilis
1090 1807 1273 1842 Abbacum
1293 1808 1335 1843 *P
1356 1814 1378 1828 ‘⁶
1405 1806 1435 1841 Ο
1458 1807 1518 1854 qui
1540 1806 1695 1854 proximo
1716 1820 1778 1840 suo

121 1894 142 1908 .,
171 1867 336 1915 propinat
357 1867 621 1902 subversionem
643 1867 836 1910 turbidam,
861 1882 1009 1916 eumque
1040 1868 1204 1903 inebriat!
1229 1877 1269 1903 ut
1296 1868 1410 1902 videat
1432 1868 1467 1901 in
1491 1867 1666 1914 speluncis
1694 1866 1779 1914 ipso-

120 1956 142 1969 ..
170 1941 248 1962 rum
276 1928 449 1975 crapulam
475 1928 658 1962 dedecoris
687 1943 726 1963 ex
753 1929 878 1975 gloria!
906 1957 928 1971 „
955 1928 1082 1964 Beatus
1110 1938 1225 1964 autem
1255 1928 1449 1977 Sophonias
1476 1930 1512 1963 ξς
1535 1935 1557 1948 “·
1581 1927 1778 1961 sacerdotes

171 1989 246 2023 eius
263 1989 424 2037 polluunt
444 1998 578 2031 sancta,
597 1989 718 2037 inique
739 1999 849 2036 agunt
869 1999 991 2024 contra
1011 1991 1127 2037 legcm.
1149 1990 1322 2025 Dominus
1340 1998 1456 2024 autem
1474 1989 1585 2023 iustus
1605 1988 1642 2022 in
1661 1988 1776 2023 medio

119 2077 142 2091 „
169 2049 268 2092 eius,
291 2058 325 2084 et
347 2064 417 2084 non
446 2050 548 2084 faciet
575 2050 804 2098 iniquitatem.
833 2050 945 2085 'Mane
974 2065 1072 2086 mane
1096 2051 1271 2086 iudicium
1294 2051 1389 2093 cius,
1413 2059 1447 2084 et
1474 2064 1545 2084 non
1573 2049 1608 2083 in
1635 2057 1777 2083 conten-

119 2138 141 2151 .,
173 2110 268 2145 tione
296 2110 512 2145 iniustitiam.
542 2111 692 2159 Insuper
713 2111 810 2145 divus
831 2111 1018 2146 Zacharias
1040 2114 1074 2149 ἢ
1099 2121 1132 2147 et
1158 2113 1350 2147 noluerunt
1379 2111 1587 2153 adtendere,
1611 2119 1644 2144 ct
1672 2118 1777 2144 verte-

1820 486 1826 491 ’
1845 483 1938 503 Ι[.’1“ἰιιιΔ
1952 484 1978 503 ti.
1997 486 2024 503 ΙΤ.

1822 549 1828 555 ⁷
1839 545 1865 566 tl.
1877 545 1934 565 Tim.
1945 544 1982 564 til.
1997 548 2002 565 1
2014 548 2025 565 τ.

1824 968 1828 972 ‘
1846 965 1874 986 ll.
1889 966 1947 985 Pell&
1967 966 1991 986 tl,
2011 969 2026 986 ι,

1821 1333 1891 1353 ’1ιιι1.
1909 1339 1928 1354 x.
1947 1344 1961 1353 ι.

1818 1515 1826 1521 ’
1843 1516 1911 1533 x.11.

1818 1636 1878 1655 ”Ox
1897 1637 1957 1655 thr

1815 1757 1824 1765 ‘
1839 1755 1954 1775 O>.x'.1.

1815 1812 1824 1817 '
1841 1814 1860 1827 ἱ.
1881 1812 1909 1827 1⁴».

1816 1838 1822 1844 ’
1845 1834 1928 1854 nabar.
1945 1834 1971 1853 ΙΙ.
1992 1836 2019 1853 ΙἎ.

1813 1942 1823 1952 '
1838 1940 1908 1965 Septi.
1925 1940 1963 1960 ΗΧΑ
1984 1949 1999 1960 ι.

1812 2128 1820 2133 '
1837 2125 1903 2145 lacti,
1922 2125 1968 2145 NH.
1987 2128 2004 2145 ιι

120 2199 141 2213 „
170 2179 250 2205 runt
278 2180 434 2206 amentes
463 2180 619 2218 tergum,
643 2181 675 2206 et
703 2186 802 2207 aures
832 2186 910 2208 suas
939 2173 1209 2220 adgravaverunt
1236 2188 1280 2208 ne
1310 2173 1490 2215 audirent,
1518 2186 1647 2220 corque
1674 2184 1776 2206 suum
1813 2189 1935 2212 ‹,1·.,..:i.

119 2260 141 2274 .,
171 2232 392 2267 incredulum
415 2234 608 2267 effecerunt
631 2234 820 2281 quominus
842 2233 908 2281 legi
928 2248 1023 2269 meae
1046 2235 1239 2269 obedirent.
1266 2234 1311 2268 Et
1332 2236 1368 2276 ζ’,
1391 2247 1494 2281 super
1522 2242 1671 2281 pastores
1695 2247 1776 2267 con-

118 2320 141 2334 „
170 2293 299 2328 citatus
320 2302 369 2327 est
389 2294 487 2328 furor
515 2307 633 2335 meus,
658 2302 690 2328 et
719 2308 820 2342 super
847 2308 950 2342 agnos
977 2295 1131 2331 visitabo.
1160 2295 1205 2330 'lit
1228 2295 1379 2330 visitabit
1406 2294 1568 2328 dominus
1590 2293 1686 2328 Deus
1708 2307 1777 2328 oni-

117 2381 140 2395 „
169 2355 331 2402 nipotens
360 2368 496 2400 gregem
525 2367 646 2397 suum,
669 2355 810 2389 domum
834 2355 952 2391 Iudae.
982 2356 1012 2390 O
1036 2357 1096 2404 qui
1118 2371 1204 2391 vana
1226 2356 1389 2404 pascitis,
1413 2363 1445 2390 et
1465 2369 1544 2390 oves
1565 2354 1776 2402 der-elinqui

117 2443 140 2458 „
168 2415 210 2450 tis
236 2416 271 2450 *l
296 2414 337 2450 ]⁴.t
364 2415 536 2450 adducam
564 2428 706 2450 manum
732 2429 845 2450 meam
872 2431 977 2464 supet
1003 2427 1168 2465 pastores.
1194 2446 1215 2460 ,
1239 2417 1345 2452 Mino
1375 2416 1506 2465 reliqua
1533 2424 1655 2464 utpote
1682 2429 1775 2450 acci-

113 2476 210 2510 biora
230 2484 372 2524 atque
356 2476 518 2511 oraviora
539 2475 689 2511 hosdem
706 2485 822 2511 autem
841 2491 970 2512 nomen
987 2478 1133 2513 Domini
1155 2478 1254 2512 flocci
1271 2478 1436 2512 iacientes
1460 2478 1610 2525 inclytus
1633 2491 1773 2525 quoque

114 2537 308 2572 Malachias
328 2537 569 2585 1NJep1etiendin
592 2546 624 2572 et
645 2538 791 2586 qualiter
811 2547 1054 2588 quantumque
1077 2548 1299 2574 contumaces
1320 2539 1390 2574 sint
1410 2539 1560 2574 ostendit
1581 2540 1613 2574 *ἢ
1636 2544 1657 2558 “
1680 2537 1771 2586 quod

117 2625 139 2639 .,
167 2598 235 2632 nisi
258 2598 558 2641 auscultaveritis,
579 2607 684 2647 atque
706 2600 741 2633 in
764 2599 927 2634 cordibus
947 2601 1070 2635 vestris
1091 2600 1339 2649 proposueritis
1367 2600 1449 2634 dare
1472 2599 1616 2646 gloriam
1640 2598 1771 2633 nomini

116 2686 138 2699 .,
167 2671 265 2701 meo,
287 2659 371 2693 dicit
399 2658 571 2693 Dominus
599 2660 844 2708 omnipotens,
867 2662 1002 2696 mittam
1029 2676 1132 2710 super
1161 2676 1218 2696 vos
1246 2661 1550 2701 maledictionem,
1576 2668 1609 2694 et
1637 2658 1772 2693 benedi-

116 2747 139 2761 „
169 2719 274 2754 ctioni
296 2729 423 2755 vestrae
446 2721 657 2757 maledicam.
687 2750 708 2763 „
730 2721 774 2756 Et
794 2736 882 2770 quae
906 2722 953 2757 ibi
974 2731 1174 2771 sequuntur
1198 2722 1349 2757 tristiora
1370 2730 1473 2770 atquc
1498 2720 1676 2768 asperiora.
1705 2718 1767 2758 Et,

1814 2253 1819 2258 ”
1837 2250 1903 2270 Zarin
1921 2250 1948 2269 X.
1972 2253 1982 2268 t.

1812 2432 1898 2452 ’ἵκει-ιε.
1915 2432 1951 2451 hl.
1971 2434 1999 2450 ι’.

1810 2554 1813 2555 ’
1831 2550 1923 2569 &tut-asti.
1943 2551 1956 2568 ,ἦ
1982 2557 1993 2569 ’-

111 2786 135 2800 ⁸‘
165 2794 223 2814 vos
249 2780 449 2816 declinastis
471 2796 489 2816 a
508 2782 583 2824 via,
606 2791 639 2817 et
665 2782 793 2818 multos
823 2783 1022 2819 infirmastis
1050 2784 1086 2818 in
1114 2784 1208 2831 lege,
1231 2792 1265 2818 et
1294 2783 1496 2831 corrupistis
1525 2787 1766 2816 testamentum
1803 2794 1855 2811 us,

193 2871 223 2899 ,ιι
244 2869 281 2894 lta
301 2868 413 2895 omnino
427 2869 593 2904 Nicephorus
607 2871 726 2897 ἀσέέειω
741 2871 930 2906 impletatem,
947 2871 1001 2898 sive
1015 2879 1106 2906 reapse
1123 2872 1149 2898 iu
1165 2879 1216 2898 suo
1232 2871 1323 2898 codiee
1338 2871 1376 2897 sic
1397 2871 1501 2905 legens,
1518 2870 1571 2895 sire
1587 2869 1614 2900 ἐξ
1628 2867 1765 2899 :2232xst12-5-

111 2913 177 2938 Nam
198 2912 276 2939 lectio
295 2914 448 2940 communis
467 2919 507 2940 est
526 2916 676 2950 ἀσέλγεικῃ
698 2916 745 2943 lat.
767 2916 922 2942 luntrium.
