2203 3331
470 235 531 267 113<
1053 238 1079 263 s.
1107 239 1275 262 memnoni
1303 238 1534 260 APOLOGETICFS

466 297 731 347 polythcismum
744 323 751 337 ‚
770 309 856 343 quae
879 308 932 330 res
954 288 1245 342 inreligiosissima
1265 294 1373 335 foret,
1389 293 1544 328 vitemus,
1567 293 1682 341 Atque
1704 308 1994 349 unumquemque
2012 311 2051 332 ex
2068 298 2121 332 hir

462 358 655 406 pei-sectum
679 370 749 391 esse
771 355 906 390 scimus.
937 355 1008 390 Sed
1032 370 1071 390 ex
1094 356 1200 390 trihus
1223 354 1384 402 perfectis
1410 367 1522 388 unum
1551 356 1906 402 supei·persectum.et
1928 360 2121 405 praeperfe-

464 429 557 453 ctum
586 418 644 459 sit,
670 425 705 452 ut
736 417 1041 464 theomysticoruin
1069 425 1204 464 patrum
1232 415 1400 461 theologia
1428 415 1529 449 docet
1554 416 1615 461 (1).
1644 415 1770 463 Neque
1799 431 1875 464 ergo
1897 418 2116 465 hypostases,

462 479 558 527 quasi
589 486 701 512 essent
723 486 868 512 naturae
891 487 1070 512 extraneae
1093 477 1364 523 disserentesque
1379 504 1386 517 ‚
1410 475 1649 522 inaequalitate
1672 485 1705 510 et
1728 476 2012 513 dissimilitudine
2034 479 2119 514 divi-

461 540 584 574 dentes
613 538 786 580 sistimus,
810 538 869 573 sed
890 538 1021 573 ratione
1045 537 1293 586 proprietatum
1315 536 1579 581 distinguimus,
1603 536 1639 570 in
1669 536 1799 570 unitate
1826 538 2034 574 substantiae
2063 554 2118 575 co⁴

462 601 640 648 pulamus.
664 599 749 633 nihil
778 599 813 633 in
842 599 894 633 his
923 599 1031 633 maius
1058 598 1216 632 minusve
1247 612 1320 632 essc
1352 597 1542 632 credentes
1572 596 1662 631 Nam
1683 598 1791 631 maius
1811 599 2002 634 autminus
2026 601 2116 635 sicut

462 662 493 695 in
519 660 714 696 substantia
735 661 849 694 videre
873 674 943 694 non
966 659 1044 693 licet
1061 687 1068 699 ,
1091 659 1134 692 ita
1158 672 1200 693 ne
1224 658 1259 693 in
1285 658 1436 693 trinitate
1465 657 1606 705 quidem
1632 658 1725 705 quod
1746 658 1878 693 adtinet
1900 659 1939 693 ad
1963 660 2117 695 substan-

462 722 540 756 tiam
568 736 625 756 seu
655 721 891 758 divinitatem:
917 719 1007 767 quod
1032 718 1181 753 dicimus
1202 727 1240 753 ut
1262 719 1413 753 arianam
1438 718 1630 761 vesaniam,
1654 733 1692 753 ex
1721 733 1786 767 qua
1809 728 1839 754 et
1863 729 1983 754 contra
2011 735 2115 768 quam

458 781 557 816 uobis
585 782 715 816 bellum
745 789 814 822 est,
837 780 1083 826 extinguamus.
1111 778 1235 826 Neque
1257 779 1292 813 in
1316 793 1423 813 unam
1444 779 1653 826 hypostasim
1676 780 1923 815 confundimus
1945 789 2003 815 aut
2026 795 2116 816 com-

459 843 663 881 miscemus,
687 841 742 875 sed
773 839 932 888 personis
959 839 1225 874 subsistentibus
1239 867 1247 880 ,
1269 839 1444 886 rebusque
1460 868 1467 881 ‚
1489 854 1528 874 ac
1548 840 1746 874 nominihus
1760 868 1768 881 ,
1790 840 2050 875 distinctionem
2078 841 2112 875 in

458 903 646 937 substantia
670 902 862 950 copulatam
883 900 1124 941 adfirmamus,
1144 908 1182 933 ut
1203 899 1431 934 sabellianum
1452 914 1605 935 errorem
1622 900 1806 935 deleamus.
1824 900 2028 949 Utrumque
2052 902 2115 936 sci-

457 964 537 997 licet
559 963 703 1010 impium
726 971 796 997 est.
822 970 888 996 tam
910 960 1110 1009 oppositum
1132 973 1238 1007 quam
1261 973 1484 994 concurrens.
1513 960 1629 1008 Atque
1652 969 1691 995 ut
1718 975 1788 995 uno
1812 962 1915 996 verbo
1936 961 2089 997 dicamus
2104 991 2113 1003 ,

456 1023 698 1069 coniungimus
726 1022 880 1068 religiose
910 1021 1160 1067 distinguentes
1175 1048 1182 1061 ,
1207 1028 1241 1053 et
1262 1019 1507 1065 distinguimus
1528 1019 1602 1054 Deo
1624 1021 1724 1067 digna
1745 1022 1873 1055 ratione
1901 1022 2115 1069 copulantes.

456 1084 588 1119 Idcirco
611 1083 816 1117 distinctum
837 1081 1098 1129 hypostatihus.
1118 1079 1366 1114 communione
1387 1088 1533 1114 naturae
1554 1080 1764 1117 adunamus:
1783 1082 1877 1130 quod
1898 1090 2014 1117 autem
2035 1083 2115 1117 sub-

455 1145 576 1178 stantia
596 1158 633 1178 ae
654 1143 782 1177 deitate
804 1142 946 1177 unitum
971 1150 1020 1175 est
1034 1170 1041 1183 ‚
1060 1141 1094 1175 in
1118 1140 1276 1188 personis
1298 1140 1501 1175 distinctum
1520 1149 1728 1188 spectamus:
1745 1142 1930 1189 utrubique
1948 1156 2112 1189 inagnum

455 1214 486 1239 et
509 1204 792 1251 augustissimum
813 1218 852 1237 ac
874 1203 1021 1237 sublime
1044 1202 1262 1249 theosophiae
1284 1210 1422 1236 nostrae
1443 1201 1644 1249 mysterium
1660 1201 1881 1236 incolumiter
1899 1216 1937 1252 ac
1955 1203 2111 1249 religiose

452 1265 649 1299 retinentes.
680 1264 739 1298 Sic
768 1264 966 1298 adoratores
995 1262 1225 1297 sanctissiffiae
1254 1270 1286 1296 et
1312 1262 1652 1309 supersubstantialis
1674 1261 1855 1297 Trinitatis
1881 1271 1914 1297 et
1935 1263 2053 1310 spiritu
2077 1273 2110 1297 et

452 1326 594 1360 veritate
622 1339 732 1374 quum
758 1326 884 1366 simus,
911 1325 1017 1371 ipsam
1047 1323 1192 1358 colimus
1220 1336 1300 1357 cum
1329 1323 1507 1357 sanctitate
1537 1332 1570 1357 et
1599 1323 1810 1358 rectitudine
1838 1323 1938 1366 fidei,
1961 1338 2109 1372 eumque

451 1400 536 1434 pura
563 1395 596 1420 et
621 1385 826 1433 inculpabili
850 1385 1018 1419 sententia
1046 1384 1181 1419 cuncus
1205 1384 1326 1418 diebus
1350 1384 1440 1418 vitae
1465 1392 1608 1419 nostrae.

558 1461 610 1495 ¹9·
640 1446 689 1481 Ita
712 1447 744 1480 in
768 1447 832 1481 hac
852 1445 1001 1493 praecisa
1031 1453 1215 1492 exactaque
1246 1444 1433 1491 theologiae
1461 1444 1594 1479 ratione
1621 1445 1759 1479 fundati
1782 1460 1821 1479 ac
1845 1445 2010 1487 stabiliti,
2033 1460 2113 1481 con-

452 1515 636 1554 sequenter
662 1506 764 1540 etiam
795 1507 1000 1541 confitemur
1021 1519 1130 1540 unum
1153 1505 1194 1539 de
1218 1505 1501 1539 consubstantiali
1526 1505 1838 1553 sublimissimaque
1861 1505 2033 1540 Trinitate
2053 1507 2111 1540 do-

451 1568 587 1602 minum
614 1575 771 1601 nostrum
800 1566 920 1600 lesum
951 1565 1154 1608 Christum³
1182 1564 1250 1599 Dei
1279 1565 1388 1600 fitium
1406 1594 1413 1607 ‚
1442 1564 1557 1599 Deum
1583 1574 1766 1603 nostrum,
1796 1574 1953 1613 paternae
1982 1567 2109 1613 gloriae

449 1628 687 1675 splendorem,
711 1627 830 1662 lumen
853 1627 894 1661 de
916 1626 1067 1669 lumine,
1091 1625 1301 1660 simillimam
1324 1625 1412 1674 patri
1433 1625 1641 1672 imaginem,
1662 1626 1881 1674 hypostaseos
1903 1626 1977 1661 eius
1998 1628 2112 1662 chara-

449 1697 579 1724 cterem
593 1717 600 1724 .
623 1688 845 1723 incarnatum
869 1687 903 1721 in
926 1696 1053 1721 terram
1075 1687 1210 1721 venisse
1226 1715 1233 1729 ‚
1255 1687 1454 1734 factumque
1476 1686 1652 1720 hominem
1666 1715 1673 1728 ‚
1695 1686 1917 1721 oeconomiae
1939 1687 2025 1722 illud
2048 1701 2112 1735 pro

448 1749 550 1783 nobis
579 1763 662 1797 opus
690 1748 869 1796 peregisse.
899 1748 1061 1796 Namque
1090 1747 1279 1789 ineffabili,
1308 1747 1351 1781 ob
1378 1760 1522 1781 suorum
1548 1747 1719 1781 viscerum
1746 1747 2016 1782 misericordiam
2046 1748 2111 1782 ele-

447 1810 707 1858 inentiainque,
730 1823 809 1855 erga
836 1809 992 1843 homines
1023 1822 1136 1843 amore
1165 1816 1355 1843 commotus
1383 1822 1453 1842 non
1482 1807 1558 1842 tulit
1585 1817 1744 1842 naturam
1764 1817 1913 1843 nostram
1940 1817 2111 1857 perpetuo

447 1871 535 1905 saevi
564 1871 698 1918 tyranni
727 1870 868 1905 servitio
897 1869 1073 1905 addictam
1092 1870 1227 1906 videre:
1251 1871 1309 1904 sed
1331 1869 1437 1917 patris
1457 1869 1694 1917 beneplacito,
1717 1878 1750 1904 et
1776 1869 1980 1904 sanctissimi
2006 1870 2109 1904 vivifi-

449 1932 547 1980 cique
578 1931 728 1980 Spiritus
757 1946 880 1980 opera,
903 1932 987 1979 quin
1016 1946 1034 1966 a
1062 1940 1203 1980 paterna
1231 1931 1337 1979 gloria
1362 1931 1582 1973 discederet,
1604 1945 1716 1979 neque
1744 1944 1846 1966 suum
1867 1930 1942 1966 Deo
1963 1931 2110 1978 dignum

446 1994 617 2028 honorem
639 1993 808 2027 ullatenus
830 1993 1069 2035 deminueret‚
1095 1993 1135 2027 ad
1157 1993 1387 2028 voluntariam
1408 1992 1679 2027 exinanitionem
1698 2001 1805 2026 semet
1826 1992 1984 2028 demisit:
2006 2001 2038 2027 et
2060 1993 2111 2026 in·

447 2063 606 2089 carnatus
629 2055 668 2089 de
693 2054 825 2102 Spiritu
857 2062 995 2097 saneto,
1018 2063 1051 2089 et
1078 2054 1118 2089 de
1146 2054 1360 2089 sanctissima
1389 2054 1535 2101 gloriosa
1558 2068 1704 2102 vereque
1733 2054 1871 2102 deipara
1893 2067 2028 2102 semper
2046 2054 2112 2088 vir·

446 2115 522 2161 gine
551 2115 685 2158 Maria,
711 2117 810 2150 cuius
840 2123 873 2149 et
900 2115 1014 2149 anima
1043 2124 1077 2149 ct
1107 2129 1185 2150 earo
1214 2124 1313 2150 antea
1343 2123 1485 2163 purgata
1512 2116 1626 2149 suerat
1653 2129 1671 2149 a
1701 2113 1855 2163 Spirhug
1876 2122 1978 2162 atque
2006 2114 2110 2149 homo

445 2176 538 2223 quod
557 2176 598 2210 ad
621 2176 735 2210 omnia
758 2184 872 2210 cetera
887 2204 894 2217 ,
917 2184 1058 2223 excepto
1079 2184 1222 2223 peccato
1237 2204 1244 2217 ‚
1266 2189 1451 2223 apparens,
1474 2175 1609 2209 mortali
1635 2176 1698 2209 hac
1726 2174 1885 2222 tangibili
1906 2183 1939 2209 et
1962 2175 2110 2211 circuni-

444 2236 572 2284 scripta
593 2245 715 2271 natura
738 2236 904 2279 indutus2
928 2245 1030 2284 atque
1061 2251 1153 2271 unus
1181 2236 1345 2284 idemque
1373 2250 1412 2270 ex
1438 2237 1605 2271 ambobus
1631 2237 1798 2278 effeetus,
1821 2249 1946 2284 nempe
1973 2250 2013 2270 ex
2041 2236 2111 2270 dei-

446 2304 512 2330 tate
535 2306 567 2330 et
587 2297 818 2342 huinanitate3
841 2298 1018 2345 perfectus
1040 2297 1144 2332 simul
1165 2311 1412 2346 usquequaque
1436 2306 1470 2331 et
1490 2296 1713 2332 immutabilis
1735 2310 1881 2331 manens
1902 2296 1938 2331 in
1960 2296 2106 2338 deitate,

446 2359 688 2405 perfectusque
710 2358 866 2392 similiter
888 2366 919 2392 et
942 2357 1218 2392 inconvertibilis
1241 2359 1277 2393 in
1298 2358 1530 2394 humanitate:
1552 2372 1632 2393 eum
1654 2372 1690 2392 ea
1711 2357 1894 2392 nobiscum
1913 2357 2106 2399 diversans,

444 2417 565 2451 Atlanti
591 2419 893 2465 transgressionem
916 2419 1122 2453 innocentia
1143 2433 1202 2453 sua
1226 2419 1392 2464 correxit;
1417 2418 1552 2466 peccati
1574 2426 1689 2452 autem
1712 2417 1963 2465 corruptelam,
1985 2416 2107 2452 volun-

445 2479 530 2513 taria
553 2479 666 2513 carnis
687 2480 845 2527 passione
859 2508 866 2521 ,
891 2488 924 2514 et
944 2480 1077 2514 vivifica
1100 2489 1207 2515 morte
1221 2509 1228 2523 ‚
1251 2494 1288 2515 ac
1311 2479 1388 2515 Deo
1411 2480 1514 2526 digna
1535 2479 1795 2514 resurrectione
1816 2478 2001 2513 destruens
2016 2506 2023 2520 ‚
2047 2478 2107 2512 im-

443 2539 684 2574 mortalitatem
714 2540 814 2574 nobis
843 2541 988 2587 largitus
1019 2549 1078 2577 est.
1107 2540 1225 2576 Tertia
1253 2541 1382 2589 quippe
1412 2540 1468 2575 die
1498 2540 1639 2581 revixit,
1661 2539 1765 2574 morti
1786 2539 1970 2573 manubias
1995 2539 2107 2574 detra—

442 2600 548 2636 hens«
576 2601 759 2647 factusque
788 2609 836 2634 cst
864 2601 1116 2648 primogenitus
1146 2611 1384 2646 mortuorumg
1410 2601 1571 2649 viamque
1599 2600 1640 2634 ad
1669 2599 1961 2634 immortalitatem
1987 2600 2107 2634 huma·

442 2674 506 2694 nae
529 2669 671 2694 naturae
693 2661 875 2697 muniens,
898 2661 1111 2697 invisibilem
1131 2662 1265 2697 hostem
1287 2663 1329 2696 de
1351 2676 1411 2696 sua
1432 2661 1592 2695 adversus
1612 2674 1675 2695 nos
1696 2660 1930 2695 dominatione
1952 2660 2104 2708 depulitg

442 2729 569 2755 cuncta
590 2720 645 2754 illa
669 2730 742 2755 tum
764 2721 893 2755 faciens
923 2730 996 2756 tum
1025 2723 1128 2757 etiam
1154 2723 1288 2771 patiens
1312 2737 1399 2770 quae
1422 2722 1460 2756 in
1483 2721 1587 2756 sacris
1609 2720 1792 2768 evangeliis
1819 2721 1943 2769 scripta
1963 2735 1980 2755 a
2000 2722 2104 2756 nohis

442 2780 648 2816 creduntur.
678 2780 756 2826 Qua
786 2795 885 2828 opera
908 2791 940 2815 ct
962 2783 1148 2831 antiquum
1172 2784 1346 2818 Adamum
1374 2782 1589 2818 reformavit.
1614 2790 1645 2816 et
1668 2790 1821 2816 nostram
1846 2782 2018 2817 renovavit
2046 2796 2105 2817 na-

521 2913 540 2936 Ἰ”1
572 2913 718 2947 ’ίπερτῧκψ
734 2916 759 2939 et
774 2918 913 2947 προτελιμῃ
932 2933 933 2936 ,
949 2914 1000 2945 qut-l
1018 2913 1108 2940 dirum
1127 2916 1284 2950 ltioiiysitnn
1306 2924 1385 2949 :neop
1413 2916 1444 2941 de
1461 2915 1512 2941 dix.
1531 2924 1602 2941 nour
1623 2916 1654 2940 ll.
1674 2919 1717 2941 lo.
1732 2923 1793 2940 cnm
1809 2917 1835 2939 S.
1853 2914 1961 2941 numni
1980 2913 2100 2939 scholiis.
