2203 3331
732 222 795 250 1110
820 221 948 249 smmis
974 223 1174 247 1111110κί115.
1729 214 1793 247 157

115 283 287 321 sationem
315 281 480 319 adulterii
506 282 708 331 ‘vaniloquio
731 296 793 317 suo
815 289 980 323 struunt,
1003 279 1190 314 innocenti
1212 287 1244 313 et
1266 279 1506 315 immaculatae
1531 280 1665 315 crimen
1688 279 1795 314 idolo-

116 347 236 382 latriae
263 344 488 382 obiicientes:
509 352 543 379 ct
564 351 746 392 postquam
774 343 945 377 innocens
972 353 1082 387 agnus
1096 368 1104 382 ,
1126 339 1188 388 qui
1208 339 1298 373 tollit
1319 349 1458 387 peccata
1485 340 1610 375 mundi
1634 339 1795 375 Christus

118 408 260 456 proprio
287 406 459 453 sanguine
481 419 556 440 eam
578 404 783 454 acquisivit,
808 412 843 438 et
863 402 988 437 idolico
1010 414 1126 435 errore
1155 401 1335 435 liberatam
1363 415 1440 435 vere
1463 401 1528 435 sibi
1549 410 1703 436 sanctam
1731 401 1797 448 glo-

121 469 317 516 riosamque
348 466 524 509 exhibuit,
546 479 617 501 11011
645 465 831 499 habentem
858 462 1050 504 maculam,
1072 475 1190 510 neque
1210 461 1325 495 labem
1339 490 1346 503 ,
1368 476 1481 509 neque
1505 476 1622 508 rugam
1643 464 1682 505 *a
1703 462 1797 497 haud

122 538 287 564 verentur
316 528 531 563 calumniose
563 527 743 561 infirmum
773 524 1059 571 imbecillumque
1092 522 1277 558 Christum
1305 522 1496 570 appellare,
1524 524 1626 571 quasi
1656 537 1730 558 eam
1759 524 1799 557 ab

122 590 250 625 idolica
271 590 405 624 insania
424 589 598 624 redimere
620 601 691 622 11011
713 586 870 621 valuerit.
897 584 1070 619 Divorum
1090 598 1231 633 quoque
1253 583 1486 632 apostolorum
1506 584 1800 631 praedicationem

122 652 264 687 stultam
292 651 558 698 fabularumque
580 649 717 697 plenam
740 647 903 682 nituntur
923 646 1108 681 ostendere
1122 675 1130 689 ,
1152 654 1420 693 sanctorumque
1443 654 1583 693 patrum
1604 654 1801 681 nostrorum

125 713 285 760 dogmata
301 726 389 746 vana
407 720 442 746 et
458 710 569 746 sutilia
586 708 731 744 reddere
749 707 900 742 student.
919 706 1046 755 Neque
1065 707 1129 755 ipsi
1145 706 1388 741 tantummodo
1406 706 1556 740 absurda
1573 706 1656 741 haec
1673 716 1800 753 agunt.

124 773 183 807 sed
206 773 273 807 iam
295 786 414 807 omnes
443 771 651 806 christianos
675 769 852 817 cooperari
875 777 909 803 et
930 768 1128 803 consentire
1150 767 1401 814 irreligiositati
1421 781 1503 802 snae
1531 776 1680 814 cogunt,
1699 776 1801 816 atque

124 833 303 869 idolorum
329 833 461 881 pariter
482 832 628 867 nomine
652 839 773 866 sancta
797 829 993 864 Servatoris
1014 830 1128 864 nostri
1148 828 1322 863 incarnati
1346 837 1381 863 ct
1406 836 1552 875 augusta
1574 828 1727 876 symbola
1750 843 1804 877 ap-

124 894 265 942 pellare.
294 893 462 928 Attamen
490 892 664 941 Spiritus,
685 892 746 940 qui
773 891 811 926 in
840 890 1012 925 Danilicle
1040 890 1130 932 suit,
1151 891 1319 925 hactenus
1346 889 1598 937 procrastinat,
1619 889 1673 923 vel
1701 889 1804 924 scele-

125 969 209 991 rum
234 954 488 1003 paenitentiam
518 962 726 1002 cxpectanS,
747 952 799 988 vel
827 961 866 987 ut
892 952 1103 1000 profundius
1132 952 1167 986 in
1195 952 1247 986 liis
1273 951 1465 998 sacrilegiis
1494 951 1617 993 mersi,
1639 951 1802 985 audaciae

125 1030 212 1051 suae
234 1024 338 1064 atque
358 1015 539 1051 vecordiae
562 1015 683 1062 dignas
705 1014 850 1049 demum
870 1027 1000 1061 poenas
1020 1013 1208 1061 patiantur.
1229 1012 1365 1047 Merito
1388 1020 1505 1046 autem
1525 1011 1642 1046 mirari
1664 1011 1745 1046 licet
1766 1012 1803 1046 in

124 1085 304 1125 quantum
323 1076 476 1111 malitiae
496 1089 674 1111 excessum
692 1074 918 1123 miseriaeque
935 1074 1160 1116 devenerint,
1176 1074 1262 1108 dum
1277 1073 1337 1121 qui
1352 1072 1521 1107 videntur
1539 1086 1611 1107 esse
1629 1072 1803 1120 episcopi,

127 1146 304 1185 tamquam
331 1137 473 1185 tyranni
500 1136 692 1172 saevissimi
720 1149 886 1184 acresque
913 1135 1071 1177 iudices,
1093 1148 1174 1169 cum
1203 1133 1392 1182 supercilio
1420 1133 1457 1167 in
1485 1147 1580 1167 sacro
1604 1133 1728 1167 throno
1756 1147 1805 1167 re-

127 1198 264 1241 sident,
288 1199 448 1246 superbia
477 1198 594 1246 pleni,
617 1206 652 1232 et
680 1197 852 1232 furiosum
873 1196 959 1245 quid
980 1209 1216 1243 vesanumque
1237 1195 1412 1243 spirantes.
1444 1194 1659 1229 Circumstat
1685 1203 1804 1229 autem

127 1258 202 1293 illos
224 1259 383 1294 militaris
412 1259 643 1294 ensiserorum
663 1267 697 1293 et
718 1257 968 1306 plaudentium
996 1257 1117 1303 globus
1145 1258 1217 1304 (1),
1239 1256 1300 1304 qui
1328 1255 1543 1290 minantibus
1570 1255 1678 1302 magis
1700 1269 1805 1304 quam

128 1320 449 1367 dogmatizantibus
475 1320 682 1355 famulatum
705 1319 881 1367 praebent.

232 1381 329 1426 Quin
359 1381 446 1415 adeo
474 1381 635 1415 homines
664 1394 802 1428 quoque
832 1378 1049 1414 circensium
1076 1380 1271 1414 factionum
1291 1378 1484 1427 praesides,
1505 1387 1609 1427 prout
1637 1378 1805 1414 indecoro

128 1441 285 1488 ipsorum
305 1441 452 1489 collegio
473 1441 622 1489 dignum
643 1450 714 1483 cst,
733 1454 920 1476 assessores
942 1440 1007 1475 sibi
1030 1449 1064 1475 ct
1084 1441 1274 1487 magisterii
1295 1441 1451 1475 fautores
1474 1448 1735 1487 compararunt:
1753 1440 1805 1474 liis

127 1502 223 1536 enim
250 1502 422 1549 magistris
437 1531 444 1545 ,
466 1503 520 1537 his
548 1502 791 1537 defensoribus
820 1501 901 1536 talia
930 1501 1088 1548 dogmata
1110 1510 1221 1548 egent.
1249 1500 1358 1535 Porro
1384 1501 1507 1536 malam
1528 1500 1564 1534 in
1588 1514 1662 1535 rem
1682 1500 1807 1535 adiun-

127 1571 259 1610 guntur
281 1563 367 1606 illis,
392 1573 431 1599 ut
458 1564 494 1598 in
522 1563 725 1598 huiusmodi
753 1562 1022 1598 confusionibus
1043 1571 1078 1597 et
1100 1563 1246 1597 colluvie
1268 1563 1343 1597 fieri
1372 1562 1477 1601 solet,
1499 1569 1672 1610 quotquot
1693 1561 1805 1609 culpis

127 1625 356 1673 censurisque
379 1625 554 1659 canonicis
575 1624 730 1659 damnati
752 1624 972 1672 depositique
994 1625 1159 1667 suerunt,
1181 1633 1218 1658 ut
1236 1624 1283 1658 sic
1302 1632 1485 1672 peccatum
1504 1637 1565 1671 per
1586 1622 1806 1670 hyperbolem

128 1684 165 1719 in
188 1685 272 1733 ipsis
295 1695 428 1733 peccet.
450 1685 578 1734 Neque
602 1685 850 1720 tlicatricorum
869 1685 1035 1720 ludorum
1055 1699 1249 1734 scenaeque
1271 1684 1473 1720 choraulae.
1492 1698 1577 1732 quos
1595 1683 1720 1718 mimos
1737 1683 1807 1717 vul-

126 1746 197 1792 gari
222 1760 379 1781 sermone
402 1747 584 1782 nominare
606 1760 679 1781 11105
704 1747 874 1789 cst,l1uic
896 1746 1071 1794 praeclaro
1093 1746 1252 1781 sodalitio
1274 1746 1412 1781 desunt.
1436 1745 1531 1780 Sunt
1549 1745 1652 1779 ctiam
1669 1745 1712 1779 de
1733 1759 1808 1779 cau-

126 1821 258 1855 ponum
286 1808 415 1851 classe,
438 1800 551 1856 deque
580 1808 692 1843 triviis
720 1816 753 1841 ct
777 1807 914 1854 ganeis,
937 1807 990 1841 1115
1020 1808 1185 1854 gerendis
1214 1807 1320 1842 rebus
1348 1807 1523 1855 adsumpti
1550 1806 1751 1849 auxiliares,
1775 1815 1809 1841 et

126 1867 296 1916 quicquid
319 1868 582 1903 circulatorium
601 1869 653 1903 vel
676 1868 1022 1910 circumforaneum,
1043 1868 1095 1902 vel
1117 1868 1158 1902 de
1180 1867 1379 1902 baiulorum
1402 1876 1521 1910 coetu,
1545 1868 1589 1901 ol)
1611 1867 1809 1913 augendam

126 1929 267 1964 turbam
287 1943 494 1976 congregare
517 1938 719 1978 potuerunt.
742 1928 910 1978 Denique
929 1928 1084 1976 ipsorum
1102 1942 1227 1976 agmen
1250 1941 1474 1976 summopere
1494 1937 1595 1962 ornat
1612 1941 1738 1962 manus
1761 1928 1811 1961 in—

127 2003 214 2036 gens
242 1990 428 2025 hominum
449 1991 510 2038 qui
531 1991 566 2024 in
589 1990 794 2024 militaribus
823 1989 1007 2024 ordinibus
1030 1989 1112 2024 olim
1133 1991 1299 2032 luerunt,
1321 2003 1470 2037 quorum
1493 1989 1552 2023 alii
1578 1997 1810 2037 praetervecta

128 2049 195 2084 iam
223 2058 338 2086 aetate
361 2065 400 2085 ac
423 2059 649 2086 senescentes
665 2079 672 2093 ,
695 2051 753 2085 alii
777 2050 935 2085 criminis
963 2050 1112 2085 alicuius
1135 2059 1195 2085 ant
1218 2050 1451 2098 turpitudinis
1479 2049 1549 2084 acti
1576 2049 1623 2083 rci
1638 2078 1645 2091 ,
1667 2049 1809 2084 militari

127 2124 273 2146 numero
297 2111 403 2146 eiecti
425 2113 591 2157 fuerunt,
614 2125 769 2160 quorum
792 2111 936 2159 plurimi
958 2111 1001 2145 ad
1023 2112 1201 2160 antiquam
1225 2111 1316 2146 illam
1343 2111 1594 2159 scelestamque
1616 2111 1810 2145 doctrinam

127 2172 324 2219 pertinent,
343 2173 386 2207 ob
409 2186 505 2207 suam
528 2172 737 2221 pecudalem
758 2172 950 2214 inscitiam,
970 2173 1065 2207 unde
1090 2181 1124 2207 ct
1144 2187 1242 2207 nunc
1265 2174 1360 2207 suere
1385 2172 1540 2215 collecti,
1562 2186 1705 2220 eamque
1728 2185 1808 2220 prae

130 2231 254 2265 ceteris
277 2233 553 2280 capessiverunt:
575 2233 636 2281 qui
664 2242 846 2281 postquam
873 2233 979 2280 regiis
1007 2233 1191 2281 stipendiis
1212 2233 1358 2281 privati,
1380 2233 1476 2267 unde
1505 2233 1584 2281 ipsis
1606 2241 1742 2280 practer
1761 2246 1810 2266 31-

127 2305 268 2327 morum
288 2302 491 2341 apparatum
507 2323 514 2337 ,
536 2294 647 2328 victus
675 2308 816 2342 quoquc
843 2294 1073 2342 suppetebat,
1097 2295 1139 2329 ad
1165 2303 1352 2328 extremam
1375 2294 1526 2342 inopiam
1549 2302 1809 2341 egestatemque

129 2353 264 2388 redacti
286 2363 404 2397 erant,
427 2355 474 2388 ita
496 2363 536 2389 ut
557 2354 736 2389 evidenter
757 2355 874 2402 quavis
896 2369 932 2389 re
954 2369 1041 2403 quae
1064 2355 1101 2389 in
1124 2369 1246 2389 manus
1270 2355 1445 2389 incideret
1473 2354 1693 2401 indigerent,
1717 2362 1749 2389 et
1770 2368 1810 2389 ex

127 2414 282 2450 collectis
304 2416 470 2464 symbolis
489 2417 594 2451 vitam
615 2425 877 2459 sustentarent,
900 2417 1226 2464 circumspicientes
1251 2416 1372 2451 sedulo
1394 2416 1539 2451 ubinam
1561 2416 1714 2451 convivia
1737 2430 1811 2450 coe-

128 2484 259 2525 tusque
280 2477 427 2521 fierent,
447 2486 485 2512 ut
507 2478 590 2513 illuc
612 2477 772 2526 protinus
797 2477 1034 2520 convolarent,
1055 2487 1160 2525 atque
1182 2477 1228 2512 ita
1251 2487 1441 2525 egestatem
1463 2478 1707 2525 angustiasque
1729 2491 1809 2512 suas

129 2537 335 2574 solarentur.
357 2537 403 2572 I-li
425 2552 565 2581 omnes,
580 2547 621 2573 ut
644 2538 790 2581 scimus,
807 2538 987 2586 peioribus
1009 2538 1151 2573 studere
1172 2538 1286 2581 soliti,
1303 2547 1521 2587 praesentem
1541 2551 1660 2573 reran
1680 2546 1810 2573 statum

129 2611 265 2646 semper
286 2598 457 2641 oderunt,
479 2600 770 2634 conversionibus
791 2598 939 2647 puhlicis
961 2600 1110 2646 gaudent
1124 2628 1131 2642 ,
1153 2614 1275 2648 resque
1298 2613 1404 2634 novas
1426 2601 1610 2641 affectant,
1634 2607 1673 2633 ut
1695 2612 1735 2633 ex
1757 2598 1809 2632 his

128 2659 338 2695 tumultibus
359 2674 400 2696 ac
422 2661 746 2709 perturbationibus
766 2661 849 2696 utile
871 2661 1007 2709 aliquid
1027 2661 1188 2709 vitaeque
1209 2661 1448 2696 necessarium
1471 2661 1720 2709 exspiscentur.
1746 2658 1810 2693 Ta-

129 2718 221 2754 libus
244 2733 323 2766 ergo
345 2720 494 2756 ducibus
508 2749 516 2764 ,
539 2721 669 2770 talique
690 2721 859 2770 phalange
882 2736 967 2769 opus
989 2731 1076 2758 erat:
1098 2722 1147 2757 sic
1171 2722 1265 2757 enim
1286 2723 1435 2770 pessima
1456 2722 1594 2770 quaevis
1616 2730 1719 2769 atque
1742 2728 1809 2754 tur-

209 2827 243 2857 (1)
263 2825 363 2853 Contra
382 2826 573 2862 episcoporum
592 2825 738 2854 electiones
762 2835 831 2862 quae
855 2827 1041 2862 praepotentia
1067 2827 1221 2862 principum
1242 2828 1281 2855 rel
1301 2828 1425 2863 populari
1450 2827 1539 2854 favore
1564 2825 1701 2860 turbisque
1722 2824 1807 2856 fiunt,

128 2873 220 2896 extant
238 2877 331 2904 graves
350 2871 379 2897 in
399 2878 495 2906 graeco
514 2879 652 2899 canonum
671 2874 845 2908 syntagmate
865 2871 951 2907 leges,
973 2880 995 2898 v.
1016 2880 1056 2906 gr.
1078 2872 1119 2898 tit.
1144 2873 1164 2898 1.
1185 2880 1243 2907 cap.
1265 2876 1289 2899 7,
1308 2872 1407 2908 synodi
1427 2870 1590 2898 laodicensis
1609 2877 1696 2896 canon
1719 2872 1762 2896 13.
1783 2873 1810 2895 et

127 2914 258 2941 nicaenae
278 2914 413 2942 secundae
432 2923 519 2943 canon
540 2919 566 2943 3.

1835 475 1844 482 ⁷
1861 471 1940 497 Eptws.
1958 472 1973 491 Y
2001 474 2031 492 ιτ.

1843 1452 1881 1471 lir.
1896 1457 1917 1477 μ.
1937 1455 1965 1471 ii.
