2203 3331
237 1208 273 1227 (m.
287 1212 310 1233 p.
326 1208 370 1227 120.

219 2361 227 2369 ·
244 2360 298 2385 agg.
314 2359 340 2379 [ἱ4
359 2361 389 2379 ιι).

392 170 462 204 2Ῐ6
986 175 1015 198 S.
1041 175 1213 198 Ntcsruom
1238 173 1476 196 APOLOGETmus

395 235 500 281 ipsam
524 231 654 264 soi-mac
673 229 748 263 eius
768 229 1033 265 similitudinem
1058 232 1178 272 liabet,
1195 238 1367 277 quantum
1386 227 1527 276 pictoris
1546 240 1672 263 manus
1690 228 1832 276 ingenio
1853 243 1914 263 suo
1936 237 1968 263 et
1988 229 2070 264 artis

393 291 557 341 pictoriae
580 288 791 323 adiumentis
817 306 840 322 ιπ
861 291 982 338 nsequi
1011 299 1131 338 potest.
1159 289 1268 324 Nobis
1296 302 1377 323 vero
1406 288 1509 322 etiam
1531 289 1630 322 aurei
1653 288 1850 324 Cherubim
1882 289 1974 323 iuxta
1994 303 2075 337 apo-

395 352 547 387 stolicam
570 363 690 384 iot-em
713 350 906 384 11‹›n.>1>.·.21di
928 360 1032 393 sunt,
1050 359 1081 385 ct
1104 351 1146 384 ‹le
1168 350 1221 384 liis
1243 364 1373 391 sermo,
1391 348 1506 383 brevis
1524 357 1559 383 et
1579 349 1888 397 circumscriptus.
1909 350 1972 383 lioc
1993 349 2072 384 loco

395 412 636 447 concludetur.
668 410 798 445 Verum
830 412 882 445 ille
912 412 953 445 dc
983 412 1032 445 his
1060 412 1175 445 stultis
1203 411 1404 444 hominibus
1433 409 1548 444 adhue
1576 409 1761 445 abundans
1786 419 1819 444 et
1847 411 1960 451 »igr-ns
1990 409 2074 444 ulte-

395 473 468 507 rius
498 473 717 519 proicllclttr.
752 472 836 505 Nam
867 473 982 506 mirari
1012 473 1106 507 valde
1135 472 1331 519 meritoque
1361 471 1439 505 licie
1467 484 1608 518 quoque
1635 470 1716 505 licet
1743 471 1938 505 dementiae
1967 478 2072 519 atque

397 533 551 568 insaniae
583 532 722 567 masmim
742 534 884 567 ‹luit-m.
907 533 999 579 quod
1024 546 1136 580 neque
1166 532 1236 579 ipsa
1267 533 1438 565 sactorum
1460 539 1584 565 natura
1607 538 1641 565 et
1663 530 1854 572 evidentia,
1876 545 1991 578 neque
2018 543 2074 565 res

397 593 489 641 apud
512 607 631 627 omni-s
655 608 747 625 mum
770 595 876 626 milit—c·
901 593 932 626 in
957 594 1136 635 conscsso,
1158 602 1191 627 ct
1214 593 1247 626 in
1271 591 1453 627 communi
1475 604 1583 626 sensu
1609 591 1756 626 minime
1785 592 1968 637 ambigua,
1990 605 2077 626 non-

398 654 483 688 dum
504 653 572 687 illis
595 654 831 687 nem->sarium
853 666 1062 687 consensum
1083 661 1278 687 suaserunt.
1303 652 1393 687 Nam
1413 651 1442 686 si
1463 651 1545 699 quid
1572 659 1688 686 rectae
1711 652 1905 687 sentcntiae
1928 652 1970 685 iis
1990 651 2077 686 ines-

400 722 472 755 set,
500 722 535 748 ct
563 714 588 747 si
621 713 833 760 ignorantia·
865 713 1132 747 crassitudinem
1161 726 1385 761 perrumpere
1413 720 1575 760 possent,
1603 725 1749 747 necesse
1776 712 1865 746 soret
1895 726 1930 746 ex
1960 719 2076 759 aperte

401 774 624 822 patentibus,
647 781 681 808 et
703 773 770 808 sub
791 773 948 807 omnium
973 785 1115 807 sensum
1137 771 1345 808 cadentibus
1360 800 1367 814 ,
1389 771 1434 807 de
1460 771 1637 819 proposito
1662 772 1728 806 hoc
1758 771 1971 818 cogitantes,
1993 770 2079 806 veri-

402 843 510 869 tatem
531 847 741 880 agnoscere,
760 842 794 867 et
816 832 1022 880 opinionem
1042 840 1171 866 rectam
1192 832 1364 879 amplecti.
1386 832 1491 867 Sicut
1506 832 1601 867 enim
1620 832 1875 867 ‹lelineationes
1891 832 2007 866 videre
2030 839 2080 866 cst

403 894 514 929 multo
535 894 727 929 deteriores
749 906 821 928 non
842 893 1042 940 archetypis
1061 900 1221 934 tantum,
1236 905 1359 927 verum
1381 893 1486 927 etiam
1507 893 1668 928 coloratis
1687 893 1855 941 picturis,
1875 901 1910 927 ct
1930 905 1947 926 a
1969 892 2081 939 splen-

404 955 495 990 didis
522 955 713 1003 vividisque
736 953 905 988 tincturis
928 954 1035 988 decus
1062 952 1295 999 habentibu33
1320 952 1369 987 ita
1389 953 1418 988 si
1440 953 1595 989 invicem
1620 967 1837 1003 opponamus
1860 952 2081 987 Clierubinos

405 1016 467 1063 qui
487 1015 626 1049 relative
647 1022 786 1049 tantum
804 1022 1031 1061 spectantur,
1054 1022 1089 1048 et
1109 1012 1264 1060 analogia
1287 1014 1337 1061 (1)
1359 1013 1508 1061 quadam
1529 1022 1673 1050 utentes
1694 1014 1905 1061 cogitemus,
1928 1026 1986 1048 eos
2007 1026 2082 1048 um-

405 1076 501 1110 bram
522 1083 661 1110 tantum
686 1075 812 1109 habere
840 1074 986 1121 legalem
1001 1102 1009 1117 ,
1030 1088 1101 1109 non
1130 1083 1246 1109 autem
1272 1074 1427 1122 ipsarum
1453 1087 1575 1109 rerum
1602 1075 1740 1110 iconem
1754 1103 1762 1118 ,
1785 1084 1818 1109 et
1840 1083 1955 1109 tamen
1977 1074 2083 1108 liono-

407 1135 530 1170 rahiles
552 1149 626 1170 esse
650 1143 684 1169 et
705 1143 844 1170 sanctos
863 1135 957 1170 iuxta
979 1135 1200 1183 apostolicam
1220 1135 1441 1181 doctrinam3
1460 1148 1524 1170 cur
1543 1148 1618 1170 non
1639 1136 1747 1182 magis
1766 1136 1850 1170 haec
1871 1149 1960 1183 quae
1981 1133 2082 1182 plura

406 1195 607 1237 continent,
625 1208 723 1229 sacra
742 1202 859 1229 nostra
880 1195 1041 1243 inquam,
1059 1209 1148 1243 quae
1170 1195 1281 1243 ipsam
1300 1195 1486 1230 veritatem
1508 1195 1545 1229 in
1565 1209 1598 1229 se
1619 1203 1772 1242 gestant,
1794 1209 1856 1229 cur
1877 1208 1949 1229 non
1971 1193 2083 1228 multo

406 1255 663 1291 honorabiliora
685 1263 719 1290 et
740 1254 940 1302 gloriosiora
962 1255 1059 1291 sint?
1088 1255 1158 1291 Sed
1180 1256 1216 1290 hi
1236 1256 1354 1299 stulti,
1376 1269 1424 1291 ne
1444 1255 1520 1304 pari
1542 1255 1687 1304 quidem
1701 1284 1709 1299 ,
1732 1268 1770 1290 ac
1792 1255 1848 1290 illa
1868 1263 1984 1290 vetera
1998 1282 2006 1297 ‚
2027 1254 2085 1289 ho-

407 1330 492 1352 nore
513 1316 713 1363 dignantur.
734 1315 833 1351 Adeo
854 1316 981 1351 absunt
1001 1329 1020 1351 a
1041 1316 1190 1352 melioris
1212 1316 1373 1365 utilisque
1395 1316 1595 1352 sententiae
1616 1316 1774 1352 delectu!
1797 1314 2085 1364 quandoquidem

411 1377 515 1413 etiam
542 1377 802 1413 contrariorum
829 1377 977 1413 absurde
1006 1378 1123 1426 potius
1151 1378 1308 1425 gaudent
1334 1379 1488 1426 optione.
1516 1377 1562 1413 Hi
1588 1377 1759 1413 nimirum
1787 1377 1934 1412 stultitia
1961 1390 2022 1412 sua
2050 1384 2086 1411 et

410 1452 524 1473 errore
548 1437 763 1486 praepediti,
784 1438 1009 1485 comparandi
1029 1446 1116 1473 sunt
1137 1438 1179 1472 iis
1200 1438 1264 1485 qui
1284 1438 1455 1486 profunda
1475 1446 1581 1473 nocte
1603 1452 1760 1485 asperam
1782 1446 1817 1472 et
1837 1437 1980 1472 arduam
2000 1437 2088 1472 mul-

411 1499 525 1547 tisque
551 1497 659 1547 spinis
687 1497 902 1546 sudibusque
925 1499 1085 1533 refertam
1108 1506 1231 1534 terunt
1250 1498 1364 1541 viam,
1387 1496 1517 1546 quibus
1539 1497 1665 1546 utique
1694 1497 1857 1532 usuvenit
1879 1506 1919 1532 ut
1941 1496 2086 1532 infinitis

412 1559 628 1608 prolabentis
654 1558 833 1593 caecitatis
861 1558 1028 1607 periculis
1050 1567 1084 1594 et
1104 1558 1335 1594 intolerandis
1358 1558 1537 1594 doloribus
1562 1558 1784 1606 adfligantur.
1814 1557 1876 1593 Sic
1900 1565 1932 1592 et
1952 1557 2012 1592 isti
2040 1557 2089 1592 in-

415 1619 632 1655 credulitatis
652 1619 883 1668 inscitiaeque
905 1632 986 1654 suae
1010 1619 1158 1666 caligine
1184 1619 1409 1662 circumfusi,
1431 1619 1603 1668 pluraque
1628 1618 1844 1654 offendicula
1867 1618 2090 1666 blasphemia-

414 1693 491 1716 rum
513 1688 547 1714 et
568 1679 778 1714 iniuriarum
804 1679 1054 1723 incurrentes,
1076 1693 1167 1728 quae
1195 1679 1261 1728 ipsi
1289 1688 1469 1729 tamquam
1495 1679 1628 1728 lapides
1657 1687 1780 1715 contra
1809 1678 2000 1714 servatoris
2026 1678 2090 1714 hu-

415 1740 649 1776 manationem
676 1740 832 1782 iaciunt,
854 1739 992 1788 peccati
1019 1740 1152 1775 aculeis
1180 1741 1314 1775 animas
1343 1755 1441 1783 suas,
1465 1749 1584 1789 utpote
1610 1741 1672 1789 qui
1699 1740 1741 1775 ad
1769 1739 1964 1775 rectissima
1989 1752 2088 1774 verae

417 1801 594 1849 religionis
618 1800 778 1847 dogmata
803 1801 1031 1844 caecutiunt,
1053 1801 1129 1836 sine
1153 1801 1263 1837 dubio
1289 1801 1483 1837 vulnerant.

521 1874 578 1910 72.
607 1860 678 1896 Sed
699 1861 796 1896 enim
816 1861 857 1896 de
879 1861 986 1897 rebus
1004 1861 1140 1911 Moysis
1159 1862 1376 1910 aliorumque
1397 1863 1609 1910 priscorum,
1628 1862 1818 1906 hactenus;
1837 1870 1937 1910 atque
1960 1860 2004 1895 ad
2026 1859 2089 1895 alia

417 1921 535 1956 multis
555 1929 631 1969 post
650 1921 819 1964 saeculis,
840 1920 1055 1958 Iudaeorum
1083 1922 1186 1957 rebus
1215 1923 1448 1965 florentibus,
1470 1922 1625 1969 insignia
1652 1936 1749 1957 nunc
1780 1931 1926 1956 transeo.
1955 1921 2092 1956 Glorio-

419 1995 495 2016 sum
521 1981 589 2017 suit
618 1980 814 2016 Salomonis
842 1981 1033 2029 templu1n3
1056 1983 1132 2030 quis
1162 1983 1290 2029 neget?
1315 1982 1482 2031 quoniam
1503 1991 1536 2018 et
1555 1981 1627 2017 Dei
1653 1982 1776 2017 domus
1805 1990 1900 2023 erat,
1920 1989 1954 2016 et
1976 1994 2017 2016 eo
2040 1981 2092 2015 iu-

418 2043 524 2078 bente
552 2041 783 2077 aedificatum.
812 2041 924 2087 Quale
948 2043 1092 2091 inquam
1114 2044 1182 2078 suit
1210 2043 1377 2092 sapientis
1400 2043 1701 2091 potentissimique
1721 2043 1812 2090 regis
1833 2041 2092 2077 ornatissimum

421 2111 456 2138 et
475 2102 739 2138 celeberrimum
760 2102 984 2139 aedificium?
1007 2102 1192 2150 Quomodo
1212 2104 1307 2139 enim
1325 2104 1424 2139 aliter
1444 2118 1478 2139 se
1499 2104 1645 2139 haberet
1664 2103 1858 2139 Salomonis
1879 2103 1989 2151 opus?
2009 2101 2093 2138 qu-

422 2163 602 2199 nificentia
623 2163 719 2198 enirn
739 2171 774 2199 et
796 2163 923 2212 opibus
944 2172 977 2199 et
995 2164 1151 2212 impensa
1169 2164 1317 2213 plurima
1337 2173 1455 2207 utens,
1473 2164 1516 2200 ad
1538 2166 1647 2200 famae
1668 2178 1748 2199 suae
1769 2164 1965 2213 gloriaeque
1986 2162 2093 2210 digna

423 2224 538 2260 studia
559 2223 795 2259 incumbebat.
816 2223 954 2259 Deinde
974 2233 1093 2260 vetere
1113 2225 1179 2261 hoc
1201 2225 1398 2271 destructo,
1420 2225 1507 2260 illud
1529 2225 1623 2274 quod
1643 2234 1761 2273 postea
1780 2225 1988 2260 suscitatum
2006 2224 2093 2267 suit,

425 2284 530 2330 gloria
553 2293 585 2319 et
605 2292 801 2320 structurae
818 2285 995 2320 maiestate
1016 2286 1136 2320 ceteris
1158 2285 1325 2321 illustrius
1344 2286 1458 2321 visum
1480 2294 1550 2329 est,
1568 2299 1672 2334 quam
1690 2299 1764 2321 rem
1784 2285 2005 2334 propheticus
2025 2298 2095 2319 ser-

424 2357 482 2379 mo
506 2345 686 2380 testabitur
706 2347 741 2382 a:
760 2352 782 2367 “
803 2359 927 2393 magna
948 2346 1059 2389 enim,
1077 2347 1212 2395 inquit,
1230 2347 1295 2382 erit
1316 2347 1420 2394 gloria
1442 2347 1566 2382 domus
1586 2347 1694 2382 huius
1714 2346 1920 2388 novissima,
1936 2359 2016 2393 prae
2039 2345 2094 2379 illa

429 2432 452 2447 ‚‚
480 2405 604 2451 priore.
633 2403 674 2439 Ft
700 2405 764 2440 hoc
786 2405 821 2440 in
848 2405 924 2440 loco
953 2419 1072 2454 pacem
1094 2407 1182 2442 daho
1197 2435 1205 2450 ,
1227 2407 1272 2442 ait
1292 2406 1467 2442 Dominus
1494 2408 1712 2455 omnipotens
1726 2436 1734 2449 ,
1756 2415 1791 2441 et
1816 2419 1937 2454 pacem
1958 2405 2095 2439 animae

431 2492 454 2507 „
483 2464 525 2499 ad
547 2465 817 2512 acquisitionem
839 2467 933 2501 omni
952 2466 1172 2510 aedificanti,
1195 2468 1237 2502 ob
1258 2468 1323 2503 hoc
1346 2468 1517 2516 templum
1541 2467 1798 2503 suscitandum.
1822 2495 1845 2509 „
1867 2465 1927 2500 Sic
1950 2479 2029 2512 ergo
2049 2465 2095 2499 lo-

430 2533 530 2560 cutus
549 2525 649 2560 divus
669 2527 854 2574 propheta,
873 2528 1102 2575 comparativa
1120 2528 1261 2563 dicendi
1281 2529 1388 2576 figura
1409 2543 1510 2571 usus,
1530 2529 1652 2563 docuit
1672 2542 1753 2568 nos.
1774 2528 1984 2562 confirmans
2005 2526 2095 2574 prio-

430 2586 477 2620 ris
499 2599 637 2634 quoque
660 2586 778 2634 templi
799 2587 980 2634 gloriosam
1000 2589 1104 2624 fuisse
1127 2598 1349 2626 structuram.
1378 2589 1569 2638 Postquam
1589 2589 1683 2624 enim
1703 2587 1846 2623 insaniit
1867 2587 2095 2636 peccavitque

430 2646 595 2682 adversus
618 2655 811 2682 creatorem
831 2648 1163 2698 benefactoremquc
1184 2649 1303 2686 Deum
1322 2651 1458 2699 priscus
1480 2650 1630 2699 populus
1652 2648 1908 2691 israheliticus,
1929 2648 2009 2682 data
2030 2647 2097 2682 sihi

431 2721 451 2741 a
476 2705 603 2755 Moyse
632 2707 822 2742 constituta
848 2709 1048 2756 negligens,
1068 2711 1230 2760 vitaeque
1260 2712 1401 2760 iniquae
1424 2725 1533 2758 genus
1554 2710 1701 2758 Dcoque
1723 2710 1889 2744 absonum
1916 2722 1977 2757 pro
1998 2708 2098 2755 legali

512 2795 547 2824 (m
566 2792 745 2825 Exciderunt,
760 2794 913 2828 typothetae
933 2796 1053 2829 incuria,
1070 2805 1164 2832 graeca
1184 2798 1289 2834 aliquot
1306 2798 1384 2826 verba
1403 2805 1472 2833 quae
1491 2798 1528 2824 ita
1548 2804 1575 2825 se
1596 2796 1708 2824 liabent:
1731 2797 1855 2832 αἠλαγίᾳ
1874 2798 1919 2824 τινι·
1934 2806 2096 2832 χρωμενους,

442 2840 554 2865 amicat
574 2838 612 2863 ὁτι
634 2840 706 2863 σκιάν
726 2839 820 2873 ἐχονται
841 2842 883 2865 τοὺ
905 2850 990 2874 mimo.
