2203 3331
164 2024 200 2043 (ir.
215 2029 239 2049 1¹·
257 2027 289 2046 iti.

336 199 381 232 58
899 207 927 230 s.
954 208 1125 232 sich-mium
1151 209 1409 232 Axrmiunzriccs
1434 209 1460 231 1.

440 263 499 308 43.
533 267 580 306 0²9
612 260 685 305 Qui
708 261 792 295 fecit
813 261 951 296 iconem
972 262 1082 306 illam,
1104 264 1189 298 dicit
1211 263 1348 298 iconem
1370 277 1443 298 esse
1469 262 1610 300 Christi.
1633 263 1746 315 Atqui
1768 281 1894 302 nomen
1921 267 2023 304 Chri-

341 333 388 371 cx>
420 324 462 357 sti
489 322 620 356 seimus
649 335 721 356 non
750 322 929 357 hominem
961 332 1094 359 tantum
1123 324 1312 366 denotare,
1340 323 1399 359 sed
1431 324 1536 359 etiam
1567 324 1694 361 Deum.
1727 334 1774 372 02-‘2
1807 328 2023 377 Oportuerat

338 386 454 425 hunc,
477 383 503 417 si
533 395 680 417 suorum
702 390 794 416 certe
816 396 1015 418 sermonum
1038 393 1236 432 respectum
1258 385 1409 433 aliquem
1435 384 1630 427 habuisset,
1653 386 1924 424 animadvertere
1950 389 2021 425 illo—

337 459 416 481 rum
437 459 526 493 quae
549 452 651 478 antea
674 442 806 477 dixerat
828 443 1089 480 absurditatem.
1120 445 1190 479 Sed
1217 459 1286 479 mos
1316 454 1365 479 est
1395 445 1522 479 erroris
1547 453 1649 493 atquc
1671 447 1864 490 mendacii,
1887 459 1926 484 ut
1951 450 2017 485 sibi

336 506 467 554 pariles
489 520 528 539 ao
550 502 681 535 veritati
710 503 932 538 contradicat.
964 504 1053 539 Nam
1074 505 1100 539 si
1122 519 1237 540 unum
1266 505 1299 539 id
1331 515 1421 540 esset
1450 505 1545 553 quod
1568 520 1607 540 ex
1634 506 1777 542 nomine
1806 509 2017 553 denotatur,

336 573 563 599 contumaces
585 561 727 609 quidem
749 562 1022 598 adversariorum
1044 565 1088 599 de
1110 579 1180 599 uno
1210 565 1395 613 opiniones
1410 595 1417 607 ,
1440 566 1594 600 veritatis
1623 566 1779 601 adsertor
1801 581 1912 604 sermo
1940 584 2018 605 nos-

335 628 388 654 ter
415 620 587 664 lustrans,
611 630 642 656 et
672 624 929 658 sententiarum
958 625 1221 671 ambiguitatem
1250 625 1399 668 librans,
1426 626 1602 661 victoriam
1631 626 1760 674 potiori
1789 627 2017 676 decerneret;

334 693 461 728 nempe
491 681 543 716 vel
573 682 716 716 omnino
745 683 1051 730 circumscriptum
1079 698 1191 719 unum
1218 685 1373 729 diceret,
1396 686 1447 721 vel
1475 687 1559 720 item
1582 687 1727 721 omnino
1757 687 2018 724 incircumscri-

332 749 442 788 ptum.
468 740 540 776 Sed
565 743 645 790 quia
670 742 833 777 Christus
855 743 941 777 duas
965 757 1046 792 prae
1070 758 1104 778 se
1128 746 1195 779 sert
1215 754 1375 789 naturas,
1396 747 1489 781 sicut
1513 747 1614 781 etiam
1636 747 1827 782 Mamonas
1848 748 1914 791 ait,
1937 750 2016 797 quis

332 801 492 849 prohibet
519 802 712 850 quominus
740 803 861 836 haruin
889 803 1033 850 utrique
1064 804 1203 852 propria
1227 814 1259 839 et
1282 807 1527 841 convenientia
1555 807 1733 842 adtributa
1760 807 2017 855 adsignentur?

331 869 368 895 ut
391 870 424 895 rt
447 871 573 897 mutuo
594 861 766 896 adunatae
789 862 876 904 sint,
899 870 931 896 et
957 871 1072 897 tamen
1096 873 1222 898 neutra
1243 865 1444 901 discesserit
1465 882 1483 901 a
1504 867 1793 902 substantialibus
1823 869 1895 903 suis
1924 883 2017 917 prae-

332 921 514 968 rogativisg
537 930 575 956 ut
597 921 907 956 inconvertibiliter
928 923 1154 957 manentibus
1178 925 1331 971 physicis
1358 928 1652 974 proprietatibus,
1673 941 1744 962 non
1771 937 1887 962 tamen
1917 937 2017 964 natu-

329 994 385 1015 rae
414 991 641 1029 separentur,
664 982 831 1029 quoniam
852 981 1059 1016 inconfusae
1088 982 1243 1017 invicem
1269 985 1560 1022 circuminsident
1583 990 1643 1035 (1)
1672 987 1896 1036 Quamquam
1923 989 2016 1023 euim

330 1041 365 1075 in
396 1055 466 1076 uno
491 1041 632 1076 Christo
660 1042 748 1075 duae
775 1055 829 1075 res
859 1050 963 1084 sunt,
984 1042 1077 1076 haud
1102 1041 1184 1076 hine
1213 1052 1329 1078 tamen
1353 1045 1503 1080 subiecti
1532 1047 1680 1081 dualitas
1705 1048 1836 1090 confit,
1857 1048 1948 1082 sicut
1970 1062 2014 1082 ne

328 1101 461 1136 animae
489 1102 632 1149 quidem
654 1110 687 1136 et
711 1102 847 1150 corpori
875 1102 1047 1137 usuvenit.
1076 1102 1203 1150 Neque
1226 1103 1255 1138 si
1277 1104 1357 1152 quis
1380 1114 1513 1139 annuat
1533 1107 1687 1141 eundem
1709 1108 1888 1142 hominem
1911 1107 2015 1142 simul

329 1176 401 1196 esse
430 1162 610 1197 aurificem
638 1170 670 1196 et
697 1163 927 1204 statuarium,
957 1162 1089 1197 idcirco
1119 1178 1158 1198 ex
1188 1165 1324 1199 auraria
1353 1173 1386 1200 et
1415 1166 1580 1200 statuaria
1607 1179 1713 1200 unam
1740 1175 1849 1200 artem
1877 1168 2013 1203 efficiet.

328 1222 513 1257 Mamonas
534 1230 651 1257 tamen
680 1222 858 1257 dualitatis
886 1236 1077 1258 numerum
1098 1238 1163 1259 ceu
1190 1225 1340 1260 malitiae
1370 1240 1451 1261 suae
1480 1226 1760 1261 instrumentum
1788 1226 1957 1268 obiectat,
1981 1235 2015 1260 et

325 1282 360 1316 in
382 1282 516 1317 naturis
538 1296 718 1331 perperam
740 1283 940 1325 cavillatur,
962 1292 1003 1318 ut
1025 1285 1250 1332 compositam
1271 1300 1411 1334 quoque
1435 1300 1475 1321 ex
1495 1286 1548 1320 his
1567 1299 1750 1334 personam
1775 1286 1917 1319 demum
1939 1285 2014 1319 des-

326 1350 438 1385 truat,
460 1356 627 1391 suamque
655 1343 698 1378 de
727 1343 789 1378 liae
813 1358 849 1378 re
872 1344 1081 1379 sententiam
1101 1345 1236 1380 facilius
1260 1355 1491 1381 consummet.
1518 1346 1610 1393 Ergo
1631 1346 1692 1394 qui
1715 1346 1807 1380 illam
1828 1345 1913 1379 facit
1934 1345 2017 1379 ima-

327 1403 465 1449 ginem,
490 1403 697 1452 Christique
728 1418 798 1439 esse
827 1405 934 1443 dicit,
958 1405 1062 1453 probe
1092 1405 1158 1440 scit
1179 1420 1217 1440 ea
1241 1406 1345 1441 etiam
1372 1421 1461 1455 quae
1490 1407 1556 1441 hoc
1583 1407 1725 1441 nomine
1751 1406 2014 1453 significantur,

325 1477 486 1512 quaeque
509 1464 592 1499 item
613 1478 631 1498 a
652 1478 797 1512 persona
818 1465 1055 1501 denotantur:
1079 1479 1192 1514 neque
1222 1466 1303 1501 item
1331 1467 1447 1503 nescit
1474 1467 1558 1502 haec
1588 1467 1738 1502 invicem
1761 1480 1834 1501 esse
1859 1465 2013 1513 opposita

325 1537 411 1571 quae
441 1524 716 1567 coadunantur,
746 1538 899 1573 quorum
934 1533 983 1560 est
1010 1539 1081 1560 una
1111 1527 1171 1574 (id
1205 1535 1256 1561 est
1288 1527 1515 1575 simultanea)
1548 1527 1722 1574 cognitiO,
1751 1535 1791 1561 ut
1822 1526 2012 1573 loquimur.

327 1583 450 1620 Sciens
479 1585 585 1632 igitur
604 1585 730 1620 horum
752 1600 863 1621 uuum
887 1600 960 1620 esse
986 1586 1158 1622 invisibile
1182 1596 1216 1622 et
1237 1587 1595 1636 incomprehensibile
1610 1616 1617 1630 ,
1640 1587 1790 1636 ideoque
1818 1586 2013 1621 indelinea-

324 1645 393 1679 bile
417 1654 451 1680 et
476 1645 848 1694 incircumscriptum,
870 1654 1057 1693 cognoscet
1078 1647 1208 1694 pariter
1231 1648 1332 1683 etiam
1359 1648 1530 1691 alterum,
1552 1661 1679 1696 nempe
1701 1647 1793 1696 quod
1816 1647 1860 1681 sit
1879 1646 2012 1680 visibile

326 1713 359 1739 ct
381 1705 715 1753 comprehensibile3
740 1707 786 1740 ita
808 1715 849 1741 ut
870 1707 1066 1742 necessario
1088 1716 1122 1742 et
1145 1708 1456 1757 circumscriptum
1481 1709 1523 1743 sit
1551 1718 1585 1743 et
1613 1707 1825 1743 delineabile
1840 1735 1848 1749 ,
1870 1714 2012 1754 propter

326 1767 581 1801 contrariorum
609 1766 816 1802 antithesim.
845 1767 928 1801 Non
958 1781 1039 1814 ergo
1069 1768 1111 1802 ad
1142 1776 1259 1803 totum
1288 1783 1422 1812 unum,
1450 1777 1624 1817 tamquam
1655 1778 1789 1811 totum,
1819 1767 2012 1814 respiciens

324 1826 417 1874 quod
439 1841 479 1861 ex
499 1827 636 1862 duobus
659 1827 816 1876 partibus
841 1828 1087 1876 componitur3
1110 1829 1245 1877 alioqui
1264 1830 1404 1864 fortasse
1425 1830 1494 1864 vim
1516 1830 1666 1877 aliquam
1684 1837 1934 1876 argumentum
1957 1828 2012 1861 ha-

323 1887 439 1932 beret3
462 1887 521 1922 sed
548 1887 681 1922 visibile
710 1897 851 1923 tantum
879 1897 1059 1936 spectans,
1083 1889 1129 1924 ita
1151 1904 1184 1924 se
1207 1890 1305 1937 gerit.
1337 1890 1416 1925 Scit
1444 1899 1562 1924 autem
1582 1889 1673 1937 quod
1696 1889 1856 1936 picturae
1884 1901 1986 1922 causa
2001 1915 2008 1928 ,

324 1948 415 1983 haud
444 1949 643 1983 necessario
667 1949 816 1983 alterum
838 1949 941 1983 simul
965 1949 1295 1993 circumsmibetur,
1317 1965 1431 1998 neque
1455 1950 1542 1984 item
1564 1963 1680 1984 unum
1707 1957 1823 1983 totum
1849 1948 1935 1982 illud
1961 1948 2010 1982 di-

324 2009 475 2045 videtur.
498 2009 710 2044 Nullateuus
734 2009 827 2044 enim
849 2010 881 2044 id
906 2010 980 2044 fieri
1002 2019 1120 2057 potest.
1142 2011 1233 2045 Nam
1252 2011 1341 2046 sicut
1357 2040 1363 2053 ‚
1382 2011 1462 2059 quia
1481 2019 1518 2045 tu
1539 2011 1741 2058 pingentem
1758 2010 1895 2051 videas,
1915 2008 2008 2042 haud

324 2078 506 2118 propterea
528 2084 582 2105 res
603 2070 673 2105 visa
694 2070 729 2104 in
750 2079 862 2118 partes
885 2070 968 2117 ihit3
986 2070 1031 2105 ita
1053 2084 1097 2106 ne
1119 2072 1162 2105 ob
1183 2071 1400 2106 delineatum
1422 2071 1565 2118 quidem
1585 2084 1716 2112 unum,
1734 2070 1882 2104 alterum
1904 2069 2009 2103 simul

328 2130 644 2166 circumscribetur.
673 2131 814 2179 Iamque
843 2132 908 2166 hoc
938 2132 980 2166 ab
1008 2132 1159 2166 hominis
1188 2133 1290 2167 etiam
1320 2132 1474 2179 exemplo
1504 2130 1846 2176 demonstravimus;
1875 2138 1907 2164 et
1935 2130 2008 2165 aliis

328 2204 468 2239 quoque
491 2192 527 2225 in
549 2192 653 2226 rebus
682 2192 776 2226 idem
796 2192 896 2226 facilc
918 2192 1164 2244 comperietur.
1194 2192 1285 2227 Nam
1314 2193 1341 2227 si
1369 2192 1446 2240 quis
1473 2192 1609 2226 duabus
1637 2191 1888 2226 disserentibus
1911 2206 2009 2226 mon-

327 2250 440 2284 stratis
468 2252 593 2294 rebus,
615 2252 758 2287 alteram
786 2252 910 2287 harum
937 2252 1058 2300 eligat,
1080 2266 1168 2287 num
1197 2262 1231 2287 et
1259 2253 1366 2287 altera
1394 2252 1499 2287 simul
1526 2254 1674 2287 utetur?
1699 2251 1862 2300 Exempli
1889 2266 2007 2288 causa:

327 2310 445 2357 ignem
467 2312 594 2346 scimus
616 2312 793 2360 duplicem
813 2313 938 2348 habere
963 2327 1002 2348 ex
1025 2327 1059 2347 se
1081 2313 1315 2361 prodeuntem
1336 2314 1424 2356 vim,
1447 2313 1592 2348 alteram
1613 2313 1857 2355 illuminandi,
1881 2313 2006 2347 urendi

326 2370 480 2405 alteram.
510 2371 549 2406 Si
577 2373 653 2420 quis
683 2387 762 2420 ergo
790 2373 870 2408 luce
899 2388 939 2408 ex
966 2374 1046 2420 igne
1075 2374 1252 2420 indigeat,
1275 2388 1362 2409 num
1385 2374 1478 2408 idem
1505 2374 1558 2408 vel
1586 2374 1716 2408 invitus
1744 2381 1888 2419 cogetur
1915 2386 2006 2407 com-

324 2431 526 2466 bustionem
546 2446 684 2480 quoque
707 2433 861 2468 indidem
889 2434 1068 2482 experiri?
1092 2434 1156 2469 Vel
1178 2436 1206 2469 si
1226 2435 1306 2483 quis
1334 2435 1377 2470 ad
1405 2435 1560 2469 sordium
1587 2433 1825 2482 purgationem
1845 2446 1931 2479 aqua
1953 2447 2006 2467 ea-

324 2491 392 2526 lida
418 2500 556 2534 utatur,
579 2506 665 2527 num
686 2493 764 2528 inde
786 2495 888 2529 etiam
909 2495 1194 2542 refrigerabitur,
1217 2496 1385 2545 quoniam
1407 2509 1495 2544 aqua
1516 2494 1620 2529 simul
1641 2494 1742 2528 habet
1763 2493 1939 2541 purgandi
1964 2507 2003 2527 ac

324 2552 552 2598 refrigerandi
580 2553 802 2589 facultatem?
829 2555 945 2590 Nemo
977 2565 1072 2591 c'erte
1103 2570 1208 2591 sanus
1237 2557 1290 2591 liis
1318 2556 1545 2590 adsentietur.
1575 2554 1635 2589 Sic
1666 2555 1781 2602 itaque
1811 2553 2003 2588 Mamonas

325 2613 432 2648 veluti
452 2626 565 2647 unum
586 2613 669 2661 quid
684 2642 692 2656 ,
713 2622 823 2649 totum
844 2615 907 2650 hoc
922 2645 929 2658 ,
952 2616 986 2651 id
1008 2626 1060 2651 est
1084 2616 1284 2659 Christum,
1298 2616 1538 2664 contemplans
1552 2643 1561 2657 ,
1581 2614 1681 2649 vellet
1704 2614 1759 2649 illa
1782 2614 1886 2649 etiam
1906 2614 2002 2649 unde

326 2673 418 2707 idem
447 2682 598 2716 constat,
622 2682 795 2722 tamquam
821 2675 855 2709 in
884 2677 989 2711 totius
1018 2678 1197 2712 mentione
1226 2678 1331 2712 simul
1351 2676 1508 2712 adunare
1523 2704 1530 2718 ,
1554 2675 1713 2723 nihilque
1741 2675 1865 2709 horum
1886 2689 1947 2723 per
1967 2688 2000 2708 se

326 2733 443 2781 ipsum
466 2742 637 2781 spectare:
658 2734 707 2769 ita
728 2742 767 2769 ut
789 2749 876 2783 quae
898 2736 962 2771 uni
983 2738 1170 2781 accidunt,
1191 2751 1334 2786 prorsus
1357 2745 1390 2771 et
1411 2736 1469 2771 alii
1492 2736 1633 2771 evenire
1656 2749 1797 2770 necesse
1819 2735 1872 2770 sit.

406 2827 439 2855 (ti
459 2826 500 2851 De
519 2825 656 2853 vocabulis
672 2828 815 2861 περιχωρεῖν
831 2830 857 2852 et
872 2828 1039 2862 περιχῶρησις
1055 2828 1082 2854 in
1097 2835 1149 2855 usu
1164 2826 1295 2863 loquendi
1310 2825 1476 2860 theologico,
1493 2825 1540 2853 diu
1556 2834 1587 2853 ac·
1603 2826 1738 2860 sapienter
1754 2825 1877 2853 Petavius
1892 2826 2002 2852 disserit

328 2865 360 2894 de
376 2869 472 2896 Trinit.
489 2869 536 2896 lib.
553 2871 597 2896 lv.
615 2873 659 2903 16,
675 2878 755 2905 quem
774 2870 798 2898 si
817 2871 905 2905 graeei
926 2871 1107 2907 lexicographi
1123 2871 1338 2904 consuluissent,
1356 2870 1468 2898 meliora
1483 2874 1510 2897 et
1528 2870 1730 2898 abundantiora
1745 2869 1850 2898 tradere
1866 2873 2001 2906 poterant.
