2203 3331
359 224 387 247 S.
412 221 586 246 Slcssl‘nom
612 220 770 244 Axrlmm.
796 220 834 243 11.
858 218 1023 242 ADVERSUS
1050 217 1159 240 COXS'I'.
1185 218 1418 242 COI'RONYML‘M.
1688 207 1731 240 07

51 296 154 319 cens:
186 285 233 325 ἄ)
263 277 358 314 Nam
384 278 441 313 ille
471 290 566 313 unus
592 276 654 325 qui
681 289 721 310 ex
749 274 887 310 duobus
915 273 952 308 in
980 285 1089 307 unam
1117 274 1297 308 concurrit
1325 286 1527 322 personam,
1552 273 1730 322 quomodo

55 348 103 388 (32-‘2
133 340 272 390 figurari
291 347 426 388 potest,
445 338 612 388 quoniam
631 337 736 372 altera
757 350 799 371 ex
819 334 894 370 eius
915 333 1052 369 naturis
1072 347 1145 367 non
1166 341 1217 367 est
1235 333 1522 382 circumscripta?
1547 339 1593 379 029
1618 333 1731 382 Ergo,

53 405 221 453 inquam,
243 415 314 437 una
342 415 382 436 ex
410 400 463 435 his
491 397 803 435 circumscribitur.
831 395 913 430 Huc
937 394 1030 429 enim
1059 394 1159 428 illum
1186 395 1353 430 sermonis
1374 395 1428 430 sui
1450 395 1631 430 curiositas
1658 410 1733 444 pro-

51 465 165 507 vexit,
187 471 228 498 ut
250 462 401 497 invitum
424 460 528 496 etiam
555 467 690 508 praeter
711 470 811 492 suam
833 456 1042 491 sententiam
1068 454 1165 503 loqui
1195 454 1358 501 adigeret.
1388 455 1449 490 Sic
1474 457 1616 491 veritate
1638 471 1734 505 prae-

54 527 212 567 focatus,
241 523 373 572 aliquid
402 530 518 557 rectae
547 520 599 555 rei
626 519 750 554 mutire
780 526 813 552 et
843 516 1013 565 crepitare
1044 524 1184 551 coaetus
1213 524 1291 558 est,
1319 516 1412 563 quod
1441 516 1606 551 hactenus
1635 531 1734 552 num-

50 599 158 634 quam
183 584 310 619 dixisse
338 584 430 618 visus
460 590 542 617 erat.
570 580 703 615 Deficit
729 579 847 627 itaque
877 578 913 612 in
940 591 975 612 re
1004 576 1208 625 principali,
1231 576 1376 624 eiusque
1405 577 1527 623 dogma
1556 578 1731 615 dilabitur.

52 646 146 681 Nam
166 659 279 694 quum
299 645 383 680 duas
403 651 546 678 naturas
566 644 636 675 iam
658 638 967 687 pronunciaverit,
990 646 1092 685 atque
1115 651 1155 671 ex
1178 637 1232 671 his
1261 650 1369 671 unam
1396 646 1513 685 aperte
1539 637 1665 675 dixerit
1685 640 1735 673 in-

52 706 373 754 circumscriptam,
395 703 548 752 sequitur
575 710 615 736 ut
641 701 805 743 alteram,
829 699 965 734 etiamsi
993 698 1120 741 nollet,
1147 698 1446 746 circumscriptam
1474 699 1734 746 praedicaverit.

53 768 146 803 Nam
168 768 244 816 quis
265 773 440 806 sensatus,
459 763 488 798 si
508 761 653 804 dixerit,
673 775 714 796 ex
735 760 871 795 duobus
894 759 1094 794 hominibus
1115 772 1228 794 unum
1249 772 1320 793 esse
1344 759 1521 806 ignotum,
1539 774 1611 795 non
1632 761 1736 796 simul

56 843 194 878 prorsus
222 829 350 863 fatetur
375 826 525 860 alterum
553 837 625 858 esse
654 823 858 870 cognitum?
886 821 989 856 Risui
1018 829 1101 856 sunt
1123 834 1203 867 ergo
1225 819 1372 868 pueriles
1402 821 1475 855 eius
1505 822 1675 868 cogitatus
1703 831 1737 856 et

55 890 290 930 gloriationes.
312 886 361 921 At
381 885 475 920 enim
494 885 586 920 lianc
608 883 781 932 reliquam
801 891 937 931 partem
958 882 1119 924 reticuit,
1137 895 1241 929 quam
1260 889 1375 916 tamen
1399 881 1529 916 addere
1547 882 1737 918 debuisset.

56 928 127 985 LSed
156 963 227 984 non
255 947 380 989 audet,
402 960 446 981 ne
476 945 637 993 cogitatio
665 959 726 979 sua
753 944 807 979 vel
836 944 954 993 potius
981 943 1209 991 incogitantIa
1231 951 1447 989 coarguatur.
1478 942 1607 978 Stravit
1633 943 1740 978 etiam

56 1012 117 1053 iis,
146 1011 208 1059 qui
233 1018 438 1044 naturarum
465 1006 705 1042 differentiam
731 1020 805 1041 non
834 1013 1053 1052 agnoscunt,
1081 1004 1170 1039 viam
1197 1004 1374 1039 inserendi
1406 1013 1569 1040 naturam
1597 1005 1739 1040 alteram

54 1085 127 1105 esse
156 1069 477 1117 circmnscriptam3
499 1077 532 1103 et
559 1068 654 1116 quod
682 1081 782 1115 saepe
811 1067 995 1109 vitaverat,
1016 1079 1114 1100 nunc
1142 1065 1415 1100 involuntariam
1441 1065 1642 1100 subindicat
1668 1066 1739 1101 eius

55 1146 104 1167 rel
127 1131 396 1167 consessionem.
418 1130 450 1165 Ο
473 1129 653 1165 stultitiam
676 1137 781 1177 atque
803 1127 1029 1162 dfflnentiam!
1049 1126 1234 1173 Quomodo
1258 1126 1396 1173 grandis
1418 1126 1473 1161 illa
1497 1127 1665 1175 sapientia
1686 1127 1741 1162 de-

57 1193 144 1228 cidit
171 1193 223 1229 in,
238 1192 438 1234 inscitiam,
461 1200 494 1225 et
514 1191 571 1225 hic
595 1205 613 1225 a
634 1203 779 1225 suorum
806 1202 1006 1224 sermonum
1034 1187 1165 1222 malitia
1195 1188 1459 1223 circumventus
1483 1188 1621 1236 publice
1641 1202 1741 1237 appa-

55 1254 152 1290 ruit?
176 1262 216 1288 ut
244 1253 292 1288 sic
320 1252 490 1287 nimirum
518 1265 641 1300 pravae
672 1250 749 1286 eius
776 1250 970 1285 sententiae
998 1248 1122 1283 salsitas
1148 1249 1248 1283 facile
1275 1248 1577 1296 deprehendatur,
1600 1257 1636 1284 et
1659 1250 1742 1284 veri-

56 1314 138 1349 {atis
159 1314 219 1349 lux
242 1313 426 1349 reveletur.
458 1312 534 1348 Cur
556 1313 593 1347 in
617 1326 678 1347 sua
698 1311 919 1347 dubitatione
941 1324 1013 1345 non
1035 1309 1187 1346 addidit:
1207 1310 1382 1358 quomodo
1407 1310 1566 1345 Christus
1592 1311 1663 1359 pati
1685 1325 1741 1359 po-

58 1375 144 1416 tuit,
165 1387 278 1422 quum
300 1373 337 1408 in
361 1387 431 1408 una
458 1375 476 1394 *Ψ
503 1387 543 1408 ex
566 1373 639 1408 eius
667 1372 803 1407 naturis
826 1385 899 1406 11011
923 1371 967 1405 sit
988 1370 1184 1418 passibilis?
1208 1371 1260 1405 vel
1282 1371 1456 1419 quomodo
1485 1379 1643 1407 mortuus
1666 1373 1741 1408 est?

56 1435 232 1482 quomodo
255 1435 291 1468 in
315 1434 475 1481 sepulcro
502 1433 655 1482 positus,
678 1447 787 1482 quum
808 1446 879 1467 una
901 1446 942 1466 ex
961 1431 1017 1466 his
1037 1431 1169 1466 naturis
1196 1445 1269 1466 non
1290 1432 1331 1466 sit
1351 1432 1505 1467 mortalis
1535 1447 1649 1481 neque
1676 1434 1741 1468 cir-

57 1495 292 1542 cumscripta?

159 1555 293 1590 Verum
313 1555 370 1591 ille
393 1555 447 1590 his
470 1555 606 1589 omissis
621 1583 629 1597 ,
651 1554 693 1589 ad
722 1554 824 1589 aliam
845 1554 1013 1589 orationis
1042 1562 1172 1601 partem
1200 1553 1332 1602 pergit,
1354 1554 1592 1604 producitque
1614 1556 1649 1590 in
1676 1570 1743 1591 mc-

57 1616 156 1650 dium
182 1630 308 1664 panem
329 1631 368 1652 ac
390 1617 533 1659 vinum,
558 1630 650 1664 quae
671 1615 796 1650 divinis
818 1615 1031 1650 adhibentur
1053 1614 1225 1663 mysteriis
1239 1643 1247 1657 ,
1270 1615 1408 1664 aitque:
1433 1621 1480 1659 0⁴9
1507 1615 1670 1652 Christus
1697 1618 1745 1652 di-

62 1683 110 1721 02-‘2
141 1677 296 1711 vinitatis
323 1691 404 1712 suae
426 1677 460 1711 vi
481 1685 629 1711 mortem
649 1677 825 1725 propriam
846 1676 1049 1725 praevidens
1072 1690 1110 1711 ac
1132 1685 1424 1711 resurrectionem
1446 1685 1479 1712 et
1501 1677 1537 1712 in
1560 1678 1674 1713 caelos
1695 1693 1744 1714 re-

63 1744 112 1782 ᾰ)
143 1737 258 1772 ditum
273 1766 281 1780 ,
304 1746 407 1785 atque
429 1745 469 1771 ut
491 1736 688 1771 memoriale
718 1736 970 1772 incarnationis
993 1751 1073 1771 suae
1101 1736 1162 1771 diu
1191 1745 1371 1785 noctuque
1393 1738 1601 1774 haberemus
1625 1740 1687 1787 qui
1709 1740 1744 1774 111

63 1805 112 1843 (729
143 1811 224 1833 eum
252 1797 477 1832 credidimus.
510 1801 558 1840 ςζ-’ὶ
588 1796 718 1832 'Nonne
746 1811 827 1832 vero
854 1797 939 1832 haec
968 1797 1141 1846 prioribus
1170 1806 1252 1832 sunt
1280 1797 1542 1846 insipientiora?
1568 1799 1746 1848 siquidem

59 1873 130 1892 non
161 1867 231 1893 tam
259 1858 352 1894 1111115
381 1858 596 1906 impietatem
624 1858 851 1906 pervulgant,
873 1872 979 1906 quam
1004 1859 1178 1893 vesaniam
1198 1867 1302 1907 atque
1324 1859 1554 1897 dementiam:
1576 1874 1658 1895 nam
1679 1875 1745 1896 nec

58 1932 148 1967 quae
175 1918 283 1962 dicit,
303 1932 370 1953 nec
391 1918 434 1952 de
458 1918 586 1967 quibus
615 1917 796 1961 adfirmat,
819 1919 891 1954 scit.
922 1918 1019 1965 Quid
1050 1933 1131 1966 crgo
1156 1919 1351 1954 dicendum
1374 1921 1452 1956 est?
1483 1920 1617 1956 Christi
1640 1922 1744 1965 10011,

61 1980 227 2028 inquam,
250 1978 403 2014 alicuius
431 1993 475 2014 ne
504 1979 704 2014 memoriale
726 1988 797 2022 est,
818 1994 861 2014 an
890 1980 1018 2016 secus?
1045 1979 1179 2028 Utique
1206 1981 1264 2015 hic
1292 1981 1397 2028 probe
1425 1981 1539 2016 5010115
1564 1981 1747 2017 Christum

61 2041 166 2075 nobis
195 2040 238 2075 ab
267 2040 371 2075 icone
400 2040 655 2083 demonstrari,
676 2041 807 2075 insanit
836 2041 871 2074 in
893 2040 1009 2083 illam,
1032 2050 1067 2075 ct
1094 2041 1254 2076 adversus
1279 2042 1457 2077 Christum
1484 2043 1625 2091 eiusque
1653 2043 1748 2078 here-

59 2101 209 2135 ditatem
235 2101 329 2136 furit.
360 2100 452 2146 Quia
482 2101 579 2136 enim
607 2101 715 2148 gravis
741 2111 791 2136 est
818 2101 868 2135 1111
897 2102 999 2137 etiam
1019 2102 1058 2136 in
1082 2102 1233 2149 imagine
1262 2111 1438 2151 spectatus
1463 2103 1649 2147 Christus,
1673 2118 1746 2138 non

62 2161 188 2195 excitat
210 2160 243 2195 ei
266 2159 399 2195 Christi
420 2161 622 2196 memoriam
644 2162 796 2197 nominis
819 2162 1015 2211 epigraphe.
1042 2162 1133 2197 Nam
1154 2177 1217 2197 eur
1238 2163 1399 2198 irascitur
1421 2173 1453 2199 et
1476 2164 1629 2200 resistit?
1650 2164 1747 2199 Num

63 2222 143 2269 quia
175 2220 308 2256 Christi
336 2235 468 2256 nomen
495 2222 590 2257 iconi
617 2223 896 2271 superponitur?
924 2223 1052 2259 Nonne
1080 2224 1357 2259 incarnationem
1381 2225 1456 2260 eius
1486 2234 1520 2260 et
1547 2226 1745 2268 cruciatus,

62 2296 151 2330 quos
173 2282 226 2316 uti
246 2282 349 2317 homo
370 2282 482 2317 nostri
504 2283 612 2329 gratia
632 2284 794 2331 pertulit,
818 2299 932 2319 sacrae
952 2285 1016 2320 hae
1039 2285 1286 2333 inscriptiones
1308 2286 1495 2321 enarrant?
1516 2285 1648 2321 Nonne
1669 2300 1746 2321 cru-

61 2355 161 2385 cem,
184 2356 328 2385 necem,
351 2344 666 2380 resurrectionem?
687 2358 808 2379 nonne
830 2345 996 2381 miracula
1018 2354 1050 2380 et
1069 2346 1244 2394 prodigia,
1267 2360 1354 2394 quae,
1378 2355 1498 2395 utpote
1520 2345 1622 2382 Deus
1642 2347 1745 2389 fecit,

63 2403 164 2438 1101115
194 2403 425 2450 significant?
450 2403 582 2439 Yerum
603 2405 690 2440 haec
713 2406 868 2441 refutare
890 2407 992 2441 sutile
1015 2415 1085 2453 est3
1111 2415 1145 2442 et
1171 2416 1288 2442 tamen
1315 2408 1459 2443 reticere
1474 2437 1481 2451 ,
1504 2417 1644 2457 propter
1666 2409 1748 2443 stul-

62 2473 116 2499 tos
140 2464 275 2500 nullius
298 2466 471 2500 momenti
494 2480 565 2500 non
591 2475 653 2501 est.
681 2465 828 2502 Deinde
853 2467 966 2504 addit:

170 2532 219 2570 σ’ς’)
250 2525 441 2575 Praecepit
469 2527 598 2562 sanctis
626 2527 808 2576 discipulis
837 2528 911 2562 suis
940 2537 1045 2577 atque
1075 2529 1236 2577 apostolis
1254 2557 1262 2572 ‚
1292 2538 1329 2564 ut
1356 2529 1398 2564 de
1427 2544 1529 2578 opere
1558 2531 1746 2578 praecipuo

69 2594 117 2632 (ἐξ)
146 2587 272 2621 amoris
301 2587 378 2629 sui,
403 2596 526 2636 typum
552 2587 589 2622 in
617 2602 680 2623 5110
711 2602 854 2636 corpore
886 2589 1083 2631 traderent,
1109 2598 1147 2624 ut
1173 2603 1235 2638 per
1260 2589 1470 2626 sacerdotale
1498 2591 1747 2633 ministerium,

71 2652 118 2691 02—‘2
149 2647 283 2682 etiamsi
310 2649 574 2697 participatione
597 2658 631 2684 et
653 2649 841 2697 adoptione
869 2651 908 2684 fit
922 2678 930 2692 ,
952 2649 1180 2698 suscipiamus
1202 2650 1318 2698 ipsum
1338 2660 1514 2700 tamquam
1533 2652 1672 2700 proprie
1698 2665 1749 2685 ve—

70 2714 118 2752 0¹2
148 2721 255 2757 reque
285 2723 412 2758 corpus
441 2710 527 2747 eius.
559 2717 607 2757 (ᾖ)
639 2710 738 2756 Quid
767 2710 809 2746 de
839 2710 1019 2746 dominico
1047 2711 1192 2759 quidem
1221 2725 1362 2760 corpore
1386 2712 1581 2755 existimet,
1604 2713 1675 2760 ipse
1702 2711 1749 2745 vi-

68 2767 149 2802 deat
172 2777 204 2803 et
225 2770 299 2805 eius
325 2771 499 2819 discipuli.
524 2771 691 2806 Attamen
712 2772 813 2806 dietis
834 2787 896 2807 nos
916 2772 963 2807 ita
985 2787 1218 2810 occurremus,
1245 2772 1544 2823 Quandoquidem
1567 2775 1634 2808 hoc
1655 2772 1746 2820 quod

67 2828 116 2862 ait
144 2828 407 2878 participatione
432 2840 464 2867 et
487 2832 673 2880 adoptione
698 2833 820 2881 perfici
835 2851 850 2876 ,·
865 2847 922 2868 PER
944 2847 1160 2869 SACERDOTALE
1185 2848 1402 2870 Mlxlsrl-:mcm
1426 2848 1506 2870 VERE
1529 2846 1749 2874 ABSOLUTEQUE

67 2901 193 2924 CHRISTI
221 2904 338 2926 conpcs
364 2906 554 2936 smenon,
576 2893 687 2942 ipsius
711 2893 821 2929 Verbi
850 2894 1049 2943 proprium,
1071 2895 1214 2930 omnino
1243 2896 1420 2931 confessus
1448 2903 1498 2930 est
1520 2894 1634 2942 ipsum
1662 2892 1746 2927 illud

1621 2962 1634 2974 Ι

1778 1379 1786 1386 ·
1802 1378 1858 1398 ι111110
1874 1378 1894 1398 111
1912 1385 1923 1401 u
1935 1384 1946 1398 ¹,

1777 1408 1846 1439 μιγῖς.
