<?xml version="1.0" encoding="UTF-8"?>
<!DOCTYPE html PUBLIC "-//W3C//DTD XHTML 1.0 Transitional//EN"
    "http://www.w3.org/TR/xhtml1/DTD/xhtml1-transitional.dtd">
<html xmlns="http://www.w3.org/1999/xhtml" xml:lang="en" lang="en">
 <head>
  <title>
</title>
<meta http-equiv="Content-Type" content="text/html;charset=utf-8" />
  <meta name='ocr-system' content='tesseract 3.04.00' />
  <meta name='ocr-capabilities' content='ocr_page ocr_carea ocr_par ocr_line ocrx_word'/>
</head>
<body>
  <div class='ocr_page' id='page_1' title='image "./novaepatrumbibli05maiauoft/novaepatrumbibli05maiauoft_0571.png"; bbox 0 0 2203 3331; ppageno 0'>
   <div class='ocr_carea' id='block_1_1' title="bbox 786 152 1238 176">
    <p class='ocr_par' dir='ltr' id='par_1_1' title="bbox 786 152 1238 176">
     <span class='ocr_line' id='line_1_1' title="bbox 786 152 1238 176; baseline -0.002 0"><span class='ocrx_word' id='word_1_1' title='bbox 786 153 887 176; x_wconf 68' lang='lat' dir='ltr'>lxm-:x</span> <span class='ocrx_word' id='word_1_2' title='bbox 921 153 954 175; x_wconf 78' lang='lat' dir='ltr'>IN</span> <span class='ocrx_word' id='word_1_3' title='bbox 979 153 1007 175; x_wconf 84' lang='lat' dir='ltr'>S·</span> <span class='ocrx_word' id='word_1_4' title='bbox 1036 152 1238 175; x_wconf 70' lang='lat' dir='ltr'><strong>MCPHORL&#39;M.</strong></span> 
     </span>
    </p>
   </div>
   <div class='ocr_carea' id='block_1_2' title="bbox 145 217 983 1862">
    <p class='ocr_par' dir='ltr' id='par_1_2' title="bbox 219 217 983 256">
     <span class='ocr_line' id='line_1_2' title="bbox 219 217 983 256; baseline 0.003 -11"><span class='ocrx_word' id='word_1_5' title='bbox 219 222 288 246; x_wconf 78' lang='grc'><strong>243.</strong></span> <span class='ocrx_word' id='word_1_6' title='bbox 311 217 413 246; x_wconf 77' lang='lat' dir='ltr'>Utrum</span> <span class='ocrx_word' id='word_1_7' title='bbox 436 217 574 253; x_wconf 81' lang='lat' dir='ltr'>praedicti</span> <span class='ocrx_word' id='word_1_8' title='bbox 596 226 695 246; x_wconf 88' lang='lat' dir='ltr'>omnes</span> <span class='ocrx_word' id='word_1_9' title='bbox 716 218 772 247; x_wconf 90' lang='lat' dir='ltr'>loci</span> <span class='ocrx_word' id='word_1_10' title='bbox 797 220 855 247; x_wconf 89' lang='lat' dir='ltr'>sint</span> <span class='ocrx_word' id='word_1_11' title='bbox 878 218 983 256; x_wconf 80' lang='lat' dir='ltr'>Gopro-</span> 
     </span>
    </p>

    <p class='ocr_par' dir='ltr' id='par_1_3' title="bbox 178 266 983 545">
     <span class='ocr_line' id='line_1_3' title="bbox 178 266 981 304; baseline 0.006 -13"><span class='ocrx_word' id='word_1_12' title='bbox 178 276 184 291; x_wconf 91' lang='lat'>.·</span> <span class='ocrx_word' id='word_1_13' title='bbox 217 266 299 303; x_wconf 53' lang='grc' dir='ltr'><strong>11),τηί</strong></span> <span class='ocrx_word' id='word_1_14' title='bbox 326 266 369 293; x_wconf 75' lang='lat' dir='ltr'>vel</span> <span class='ocrx_word' id='word_1_15' title='bbox 400 266 486 293; x_wconf 82' lang='lat' dir='ltr'>etiam</span> <span class='ocrx_word' id='word_1_16' title='bbox 510 267 571 294; x_wconf 90' lang='lat' dir='ltr'>eius</span> <span class='ocrx_word' id='word_1_17' title='bbox 593 270 870 303; x_wconf 84' lang='lat' dir='ltr'>consectaneorum,</span> <span class='ocrx_word' id='word_1_18' title='bbox 895 275 981 304; x_wconf 87' lang='lat' dir='ltr'>quae-</span> 
     </span>
     <span class='ocr_line' id='line_1_4' title="bbox 216 315 981 352; baseline 0.001 -9"><span class='ocrx_word' id='word_1_19' title='bbox 216 316 289 343; x_wconf 88' lang='lat' dir='ltr'>ritur</span> <span class='ocrx_word' id='word_1_20' title='bbox 311 323 340 351; x_wconf 89' lang='lat' dir='ltr'>p.</span> <span class='ocrx_word' id='word_1_21' title='bbox 369 318 435 343; x_wconf 83' lang='grc'><strong>148.</strong></span> <span class='ocrx_word' id='word_1_22' title='bbox 458 316 488 343; x_wconf 90' lang='lat' dir='ltr'>in</span> <span class='ocrx_word' id='word_1_23' title='bbox 511 315 577 343; x_wconf 89' lang='lat' dir='ltr'>adn.</span> <span class='ocrx_word' id='word_1_24' title='bbox 607 315 689 345; x_wconf 85' lang='lat' dir='ltr'><strong>Certe</strong></span> <span class='ocrx_word' id='word_1_25' title='bbox 714 324 744 352; x_wconf 93' lang='lat' dir='ltr'>p.</span> <span class='ocrx_word' id='word_1_26' title='bbox 777 320 844 344; x_wconf 87' lang='lat'><strong>166.</strong></span> <span class='ocrx_word' id='word_1_27' title='bbox 874 317 981 344; x_wconf 86' lang='lat' dir='ltr'>citatus</span> 
     </span>
     <span class='ocr_line' id='line_1_5' title="bbox 216 363 983 401; baseline 0.004 -10"><span class='ocrx_word' id='word_1_28' title='bbox 216 364 296 391; x_wconf 89' lang='lat' dir='ltr'>locus</span> <span class='ocrx_word' id='word_1_29' title='bbox 318 371 376 391; x_wconf 93' lang='lat' dir='ltr'>non</span> <span class='ocrx_word' id='word_1_30' title='bbox 397 363 574 401; x_wconf 83' lang='lat' dir='ltr'>Copronymi</span> <span class='ocrx_word' id='word_1_31' title='bbox 587 368 650 401; x_wconf 90' lang='lat' dir='ltr'>est,</span> <span class='ocrx_word' id='word_1_32' title='bbox 671 364 721 393; x_wconf 91' lang='lat' dir='ltr'>sed</span> <span class='ocrx_word' id='word_1_33' title='bbox 741 365 865 393; x_wconf 91' lang='lat' dir='ltr'>aliorum</span> <span class='ocrx_word' id='word_1_34' title='bbox 881 365 983 394; x_wconf 86' lang='lat' dir='ltr'>leono-</span> 
     </span>
     <span class='ocr_line' id='line_1_6' title="bbox 220 411 983 451; baseline 0.003 -12"><span class='ocrx_word' id='word_1_35' title='bbox 220 411 400 440; x_wconf 85' lang='lat' dir='ltr'>machorum.</span> <span class='ocrx_word' id='word_1_36' title='bbox 417 412 588 450; x_wconf 88' lang='lat' dir='ltr'>Ceteroquin</span> <span class='ocrx_word' id='word_1_37' title='bbox 606 413 782 451; x_wconf 89' lang='lat' dir='ltr'>Coprouymi</span> <span class='ocrx_word' id='word_1_38' title='bbox 801 415 896 441; x_wconf 60' lang='grc' dir='ltr'><strong><em>ἀνόσια</em></strong></span> <span class='ocrx_word' id='word_1_39' title='bbox 916 425 983 449; x_wconf 71' lang='grc' dir='ltr'><strong>συγ-</strong></span> 
     </span>
     <span class='ocr_line' id='line_1_7' title="bbox 217 461 983 500; baseline 0.003 -13"><span class='ocrx_word' id='word_1_40' title='bbox 217 462 376 498; x_wconf 53' lang='grc' dir='ltr'>γράμματα,</span> <span class='ocrx_word' id='word_1_41' title='bbox 397 463 489 499; x_wconf 74' lang='lat' dir='ltr'>impia</span> <span class='ocrx_word' id='word_1_42' title='bbox 500 464 628 500; x_wconf 71' lang='lat' dir='ltr'>scripta,</span> <span class='ocrx_word' id='word_1_43' title='bbox 643 466 784 491; x_wconf 89' lang='lat' dir='ltr'>memorat</span> <span class='ocrx_word' id='word_1_44' title='bbox 805 461 983 498; x_wconf 79' lang='lat' dir='ltr'>Nicephorus</span> 
     </span>
     <span class='ocr_line' id='line_1_8' title="bbox 219 509 424 545; baseline 0.005 -9"><span class='ocrx_word' id='word_1_45' title='bbox 219 509 303 536; x_wconf 89' lang='lat' dir='ltr'>etiam</span> <span class='ocrx_word' id='word_1_46' title='bbox 322 518 350 545; x_wconf 89' lang='lat' dir='ltr'>p.</span> <span class='ocrx_word' id='word_1_47' title='bbox 378 514 424 537; x_wconf 87' lang='lat'>10.</span> 
     </span>
    </p>

    <p class='ocr_par' dir='ltr' id='par_1_4' title="bbox 156 552 981 888">
     <span class='ocr_line' id='line_1_9' title="bbox 156 552 981 597; baseline 0.001 -12"><span class='ocrx_word' id='word_1_48' title='bbox 156 558 332 595; x_wconf 63' lang='lat' dir='ltr'>Copronymi</span> <span class='ocrx_word' id='word_1_49' title='bbox 356 552 559 597; x_wconf 80' lang='lat' dir='ltr'>crudelitas‘p.</span> <span class='ocrx_word' id='word_1_50' title='bbox 584 564 651 588; x_wconf 88' lang='grc'><strong>137.</strong></span> <span class='ocrx_word' id='word_1_51' title='bbox 674 560 770 588; x_wconf 90' lang='lat' dir='ltr'>Mores</span> <span class='ocrx_word' id='word_1_52' title='bbox 792 560 872 596; x_wconf 90' lang='lat' dir='ltr'>impii</span> <span class='ocrx_word' id='word_1_53' title='bbox 891 561 920 587; x_wconf 88' lang='lat' dir='ltr'>et</span> <span class='ocrx_word' id='word_1_54' title='bbox 940 558 981 586; x_wconf 84' lang='lat' dir='ltr'>fa-</span> 
     </span>
     <span class='ocr_line' id='line_1_10' title="bbox 216 608 978 644; baseline 0 -10"><span class='ocrx_word' id='word_1_55' title='bbox 216 608 314 635; x_wconf 81' lang='lat' dir='ltr'>cinora</span> <span class='ocrx_word' id='word_1_56' title='bbox 331 616 359 644; x_wconf 88' lang='lat' dir='ltr'>p.</span> <span class='ocrx_word' id='word_1_57' title='bbox 383 613 411 636; x_wconf 78' lang='lat'>4.</span> <span class='ocrx_word' id='word_1_58' title='bbox 427 613 475 637; x_wconf 87' lang='grc'>20.</span> <span class='ocrx_word' id='word_1_59' title='bbox 496 613 544 637; x_wconf 75' lang='grc'>24.</span> <span class='ocrx_word' id='word_1_60' title='bbox 565 613 613 637; x_wconf 85' lang='lat'>25.</span> <span class='ocrx_word' id='word_1_61' title='bbox 635 613 683 637; x_wconf 75' lang='grc'>44.</span> <span class='ocrx_word' id='word_1_62' title='bbox 705 613 754 637; x_wconf 85' lang='grc'>47.</span> <span class='ocrx_word' id='word_1_63' title='bbox 774 612 822 637; x_wconf 80' lang='grc'>49.</span> <span class='ocrx_word' id='word_1_64' title='bbox 845 612 892 635; x_wconf 78' lang='grc'>72.</span> <span class='ocrx_word' id='word_1_65' title='bbox 914 611 978 635; x_wconf 86' lang='grc'><strong>137.</strong></span> 
     </span>
     <span class='ocr_line' id='line_1_11' title="bbox 216 655 981 694; baseline 0 -11"><span class='ocrx_word' id='word_1_66' title='bbox 216 655 295 684; x_wconf 84' lang='lat' dir='ltr'>Mors</span> <span class='ocrx_word' id='word_1_67' title='bbox 321 656 385 684; x_wconf 86' lang='lat' dir='ltr'>dira</span> <span class='ocrx_word' id='word_1_68' title='bbox 412 665 488 685; x_wconf 83' lang='lat' dir='ltr'>anno</span> <span class='ocrx_word' id='word_1_69' title='bbox 510 658 613 686; x_wconf 84' lang='lat' dir='ltr'>aetatis</span> <span class='ocrx_word' id='word_1_70' title='bbox 636 657 742 686; x_wconf 85' lang='lat' dir='ltr'><strong>LVIII.</strong></span> <span class='ocrx_word' id='word_1_71' title='bbox 770 666 798 694; x_wconf 88' lang='lat' dir='ltr'>p.</span> <span class='ocrx_word' id='word_1_72' title='bbox 824 661 890 684; x_wconf 86' lang='grc'><strong>137.</strong></span> <span class='ocrx_word' id='word_1_73' title='bbox 913 656 981 684; x_wconf 87' lang='grc' dir='ltr'><strong>Ε105</strong></span> 
     </span>
     <span class='ocr_line' id='line_1_12' title="bbox 215 706 978 742; baseline -0.001 -10"><span class='ocrx_word' id='word_1_74' title='bbox 215 706 419 742; x_wconf 82' lang='lat' dir='ltr'>prosperitates</span> <span class='ocrx_word' id='word_1_75' title='bbox 431 710 460 734; x_wconf 86' lang='lat' dir='ltr'>et</span> <span class='ocrx_word' id='word_1_76' title='bbox 474 707 611 735; x_wconf 74' lang='lat' dir='ltr'>victoriae</span> <span class='ocrx_word' id='word_1_77' title='bbox 624 706 774 735; x_wconf 71' lang='lat' dir='ltr'>elevantur</span> <span class='ocrx_word' id='word_1_78' title='bbox 784 714 812 742; x_wconf 91' lang='lat' dir='ltr'>p.</span> <span class='ocrx_word' id='word_1_79' title='bbox 831 709 896 733; x_wconf 88' lang='lat'><strong>135.</strong></span> <span class='ocrx_word' id='word_1_80' title='bbox 912 708 978 732; x_wconf 87' lang='grc'><strong>137.</strong></span> 
     </span>
     <span class='ocr_line' id='line_1_13' title="bbox 216 754 981 790; baseline 0 -9"><span class='ocrx_word' id='word_1_81' title='bbox 216 757 284 781; x_wconf 85' lang='grc'><strong>138.</strong></span> <span class='ocrx_word' id='word_1_82' title='bbox 311 754 444 782; x_wconf 86' lang='lat' dir='ltr'>Eiusdem</span> <span class='ocrx_word' id='word_1_83' title='bbox 470 755 566 783; x_wconf 83' lang='lat' dir='ltr'>clades</span> <span class='ocrx_word' id='word_1_84' title='bbox 591 755 628 783; x_wconf 88' lang='lat' dir='ltr'>ad</span> <span class='ocrx_word' id='word_1_85' title='bbox 649 754 824 783; x_wconf 73' lang='lat' dir='ltr'>Anchialum</span> <span class='ocrx_word' id='word_1_86' title='bbox 852 762 880 790; x_wconf 88' lang='lat' dir='ltr'>p.</span> <span class='ocrx_word' id='word_1_87' title='bbox 913 757 981 781; x_wconf 75' lang='lat'><strong>138.</strong></span> 
     </span>
     <span class='ocr_line' id='line_1_14' title="bbox 214 800 979 839; baseline 0 -9"><span class='ocrx_word' id='word_1_88' title='bbox 214 800 314 830; x_wconf 78' lang='lat' dir='ltr'>Statua</span> <span class='ocrx_word' id='word_1_89' title='bbox 333 804 454 839; x_wconf 84' lang='lat' dir='ltr'>insignis</span> <span class='ocrx_word' id='word_1_90' title='bbox 465 811 494 839; x_wconf 91' lang='lat' dir='ltr'>p.</span> <span class='ocrx_word' id='word_1_91' title='bbox 516 807 582 832; x_wconf 77' lang='grc'><strong>140.</strong></span> <span class='ocrx_word' id='word_1_92' title='bbox 602 807 668 831; x_wconf 88' lang='grc'><strong>159.</strong></span> <span class='ocrx_word' id='word_1_93' title='bbox 687 803 819 832; x_wconf 79' lang='lat' dir='ltr'>Avaritia</span> <span class='ocrx_word' id='word_1_94' title='bbox 833 806 862 831; x_wconf 86' lang='lat' dir='ltr'>et</span> <span class='ocrx_word' id='word_1_95' title='bbox 881 803 979 838; x_wconf 89' lang='lat' dir='ltr'>impie-</span> 
     </span>
     <span class='ocr_line' id='line_1_15' title="bbox 214 854 589 888; baseline 0 -9"><span class='ocrx_word' id='word_1_96' title='bbox 214 854 259 880; x_wconf 81' lang='lat' dir='ltr'>tas</span> <span class='ocrx_word' id='word_1_97' title='bbox 277 860 306 888; x_wconf 88' lang='lat' dir='ltr'>p.</span> <span class='ocrx_word' id='word_1_98' title='bbox 333 856 398 879; x_wconf 69' lang='lat'><strong>140.</strong></span> <span class='ocrx_word' id='word_1_99' title='bbox 434 856 499 879; x_wconf 75' lang='lat'><strong>141.</strong></span> <span class='ocrx_word' id='word_1_100' title='bbox 523 856 589 880; x_wconf 68' lang='lat'><strong>142.</strong></span> 
     </span>
    </p>

    <p class='ocr_par' dir='ltr' id='par_1_5' title="bbox 158 900 979 1132">
     <span class='ocr_line' id='line_1_16' title="bbox 158 900 979 938; baseline 0 -10"><span class='ocrx_word' id='word_1_101' title='bbox 158 900 360 938; x_wconf 88' lang='lat' dir='ltr'>Copronymus</span> <span class='ocrx_word' id='word_1_102' title='bbox 382 900 489 929; x_wconf 85' lang='lat' dir='ltr'>Christi</span> <span class='ocrx_word' id='word_1_103' title='bbox 510 902 665 938; x_wconf 78' lang='lat' dir='ltr'>imaginem</span> <span class='ocrx_word' id='word_1_104' title='bbox 687 900 803 937; x_wconf 85' lang='lat' dir='ltr'>deiicit,</span> <span class='ocrx_word' id='word_1_105' title='bbox 824 900 979 928; x_wconf 90' lang='lat' dir='ltr'>substituta</span> 
     </span>
     <span class='ocr_line' id='line_1_17' title="bbox 215 950 979 986; baseline -0.003 -8"><span class='ocrx_word' id='word_1_106' title='bbox 215 958 268 978; x_wconf 91' lang='lat' dir='ltr'>sua</span> <span class='ocrx_word' id='word_1_107' title='bbox 285 958 315 986; x_wconf 88' lang='lat' dir='ltr'>p.</span> <span class='ocrx_word' id='word_1_108' title='bbox 337 954 386 978; x_wconf 80' lang='grc'><strong>4-1.</strong></span> <span class='ocrx_word' id='word_1_109' title='bbox 406 950 559 978; x_wconf 84' lang='lat' dir='ltr'>Excruciat</span> <span class='ocrx_word' id='word_1_110' title='bbox 574 951 711 986; x_wconf 88' lang='lat' dir='ltr'>pictorem</span> <span class='ocrx_word' id='word_1_111' title='bbox 730 957 829 978; x_wconf 88' lang='lat' dir='ltr'>sacrae</span> <span class='ocrx_word' id='word_1_112' title='bbox 844 950 979 986; x_wconf 78' lang='lat' dir='ltr'>imaginis</span> 
     </span>
     <span class='ocr_line' id='line_1_18' title="bbox 213 997 977 1036; baseline -0.001 -10"><span class='ocrx_word' id='word_1_113' title='bbox 213 1007 244 1034; x_wconf 87' lang='lat' dir='ltr'>p.</span> <span class='ocrx_word' id='word_1_114' title='bbox 265 1002 314 1026; x_wconf 86' lang='lat'>52.</span> <span class='ocrx_word' id='word_1_115' title='bbox 342 998 551 1036; x_wconf 73' lang='lat' dir='ltr'>Monophysita</span> <span class='ocrx_word' id='word_1_116' title='bbox 568 1007 597 1036; x_wconf 93' lang='lat' dir='ltr'>p.</span> <span class='ocrx_word' id='word_1_117' title='bbox 622 1003 670 1027; x_wconf 83' lang='grc'>54.</span> <span class='ocrx_word' id='word_1_118' title='bbox 696 998 846 1036; x_wconf 76' lang='lat' dir='ltr'>Synodum</span> <span class='ocrx_word' id='word_1_119' title='bbox 867 997 977 1025; x_wconf 87' lang='lat' dir='ltr'>chalce-</span> 
     </span>
     <span class='ocr_line' id='line_1_19' title="bbox 213 1046 979 1084; baseline -0.001 -9"><span class='ocrx_word' id='word_1_120' title='bbox 213 1046 368 1075; x_wconf 90' lang='lat' dir='ltr'>donensem</span> <span class='ocrx_word' id='word_1_121' title='bbox 391 1047 484 1075; x_wconf 73' lang='lat' dir='ltr'>voluit</span> <span class='ocrx_word' id='word_1_122' title='bbox 504 1047 618 1076; x_wconf 88' lang='lat' dir='ltr'>abolere</span> <span class='ocrx_word' id='word_1_123' title='bbox 630 1056 658 1084; x_wconf 90' lang='lat' dir='ltr'>p.</span> <span class='ocrx_word' id='word_1_124' title='bbox 677 1051 724 1075; x_wconf 86' lang='grc'>54.</span> <span class='ocrx_word' id='word_1_125' title='bbox 742 1047 776 1075; x_wconf 88' lang='lat' dir='ltr'>In</span> <span class='ocrx_word' id='word_1_126' title='bbox 795 1047 914 1083; x_wconf 90' lang='lat' dir='ltr'>imperio</span> <span class='ocrx_word' id='word_1_127' title='bbox 927 1053 979 1074; x_wconf 91' lang='lat' dir='ltr'>suo</span> 
     </span>
     <span class='ocr_line' id='line_1_20' title="bbox 211 1096 815 1132; baseline -0.002 -8"><span class='ocrx_word' id='word_1_128' title='bbox 211 1096 318 1124; x_wconf 86' lang='lat' dir='ltr'>multas</span> <span class='ocrx_word' id='word_1_129' title='bbox 339 1097 516 1125; x_wconf 76' lang='lat' dir='ltr'>calamitates</span> <span class='ocrx_word' id='word_1_130' title='bbox 539 1099 673 1132; x_wconf 82' lang='lat' dir='ltr'>expertus</span> <span class='ocrx_word' id='word_1_131' title='bbox 695 1105 723 1132; x_wconf 89' lang='lat' dir='ltr'>p.</span> <span class='ocrx_word' id='word_1_132' title='bbox 751 1100 815 1123; x_wconf 79' lang='lat'><strong>133.</strong></span> 
     </span>
    </p>

    <p class='ocr_par' dir='ltr' id='par_1_6' title="bbox 152 1144 975 1228">
     <span class='ocr_line' id='line_1_21' title="bbox 152 1144 975 1182; baseline -0.001 -10"><span class='ocrx_word' id='word_1_133' title='bbox 152 1144 353 1182; x_wconf 85' lang='lat' dir='ltr'>Copronymus</span> <span class='ocrx_word' id='word_1_134' title='bbox 384 1153 435 1174; x_wconf 89' lang='lat' dir='ltr'>cur</span> <span class='ocrx_word' id='word_1_135' title='bbox 462 1153 479 1173; x_wconf 88' lang='lat' dir='ltr'>a</span> <span class='ocrx_word' id='word_1_136' title='bbox 506 1145 670 1182; x_wconf 74' lang='lat' dir='ltr'>Nicephoro</span> <span class='ocrx_word' id='word_1_137' title='bbox 697 1145 790 1173; x_wconf 87' lang='lat' dir='ltr'>dictus</span> <span class='ocrx_word' id='word_1_138' title='bbox 825 1144 975 1172; x_wconf 79' lang='lat' dir='ltr'>Mamonas</span> 
     </span>
     <span class='ocr_line' id='line_1_22' title="bbox 211 1193 393 1228; baseline -0.005 -7"><span class='ocrx_word' id='word_1_139' title='bbox 211 1201 240 1228; x_wconf 83' lang='lat' dir='ltr'>p.</span> <span class='ocrx_word' id='word_1_140' title='bbox 260 1197 307 1221; x_wconf 88' lang='lat'>15.</span> <span class='ocrx_word' id='word_1_141' title='bbox 325 1193 393 1221; x_wconf 86' lang='lat' dir='ltr'>adn.</span> 
     </span>
    </p>

    <p class='ocr_par' dir='ltr' id='par_1_7' title="bbox 153 1239 619 1278">
     <span class='ocr_line' id='line_1_23' title="bbox 153 1239 619 1278; baseline 0.004 -10"><span class='ocrx_word' id='word_1_142' title='bbox 153 1239 240 1268; x_wconf 72' lang='lat' dir='ltr'>Corvi</span> <span class='ocrx_word' id='word_1_143' title='bbox 264 1241 381 1278; x_wconf 82' lang='lat' dir='ltr'>gloriosi</span> <span class='ocrx_word' id='word_1_144' title='bbox 403 1241 502 1270; x_wconf 84' lang='lat' dir='ltr'>sabula</span> <span class='ocrx_word' id='word_1_145' title='bbox 524 1250 552 1278; x_wconf 91' lang='lat' dir='ltr'>p.</span> <span class='ocrx_word' id='word_1_146' title='bbox 571 1246 619 1270; x_wconf 87' lang='lat'>22.</span> 
     </span>
    </p>

    <p class='ocr_par' dir='ltr' id='par_1_8' title="bbox 152 1288 974 1422">
     <span class='ocr_line' id='line_1_24' title="bbox 152 1288 973 1327; baseline 0.001 -11"><span class='ocrx_word' id='word_1_147' title='bbox 152 1288 257 1317; x_wconf 82' lang='lat' dir='ltr'>Cruces</span> <span class='ocrx_word' id='word_1_148' title='bbox 277 1289 535 1326; x_wconf 89' lang='lat' dir='ltr'>subscriptionibus</span> <span class='ocrx_word' id='word_1_149' title='bbox 555 1291 615 1318; x_wconf 94' lang='lat' dir='ltr'>suis</span> <span class='ocrx_word' id='word_1_150' title='bbox 633 1289 846 1327; x_wconf 84' lang='lat' dir='ltr'>praeponebant</span> <span class='ocrx_word' id='word_1_151' title='bbox 864 1290 973 1326; x_wconf 87' lang='lat' dir='ltr'>episco-</span> 
     </span>
     <span class='ocr_line' id='line_1_25' title="bbox 210 1338 974 1375; baseline 0.001 -10"><span class='ocrx_word' id='word_1_152' title='bbox 210 1338 262 1373; x_wconf 90' lang='lat' dir='ltr'>pi,</span> <span class='ocrx_word' id='word_1_153' title='bbox 284 1341 317 1366; x_wconf 86' lang='lat' dir='ltr'>ut</span> <span class='ocrx_word' id='word_1_154' title='bbox 337 1346 414 1366; x_wconf 90' lang='lat' dir='ltr'>nunc</span> <span class='ocrx_word' id='word_1_155' title='bbox 432 1340 520 1366; x_wconf 89' lang='lat' dir='ltr'>etiam</span> <span class='ocrx_word' id='word_1_156' title='bbox 540 1338 592 1375; x_wconf 86' lang='lat' dir='ltr'>fit,</span> <span class='ocrx_word' id='word_1_157' title='bbox 611 1347 640 1375; x_wconf 88' lang='lat' dir='ltr'>p.</span> <span class='ocrx_word' id='word_1_158' title='bbox 664 1343 730 1367; x_wconf 81' lang='grc'><strong>154.</strong></span> <span class='ocrx_word' id='word_1_159' title='bbox 761 1338 860 1367; x_wconf 83' lang='lat' dir='ltr'>Crucis</span> <span class='ocrx_word' id='word_1_160' title='bbox 889 1345 974 1366; x_wconf 81' lang='lat' dir='ltr'>vene-</span> 
     </span>
     <span class='ocr_line' id='line_1_26' title="bbox 211 1387 947 1422; baseline 0.005 -9"><span class='ocrx_word' id='word_1_161' title='bbox 211 1387 285 1414; x_wconf 84' lang='lat' dir='ltr'>ratio</span> <span class='ocrx_word' id='word_1_162' title='bbox 305 1395 334 1422; x_wconf 88' lang='lat' dir='ltr'>p.</span> <span class='ocrx_word' id='word_1_163' title='bbox 359 1391 407 1414; x_wconf 84' lang='lat'>89.</span> <span class='ocrx_word' id='word_1_164' title='bbox 941 1395 947 1400; x_wconf 88' lang='lat'>·</span> 
     </span>
    </p>

    <p class='ocr_par' dir='ltr' id='par_1_9' title="bbox 150 1433 930 1472">
     <span class='ocr_line' id='line_1_27' title="bbox 150 1433 930 1472; baseline 0.001 -11"><span class='ocrx_word' id='word_1_165' title='bbox 150 1433 228 1462; x_wconf 80' lang='lat' dir='ltr'>Crux</span> <span class='ocrx_word' id='word_1_166' title='bbox 248 1435 344 1471; x_wconf 80' lang='lat' dir='ltr'>imago</span> <span class='ocrx_word' id='word_1_167' title='bbox 365 1436 521 1464; x_wconf 85' lang='lat' dir='ltr'>materialis</span> <span class='ocrx_word' id='word_1_168' title='bbox 538 1437 663 1472; x_wconf 87' lang='lat' dir='ltr'>corporis</span> <span class='ocrx_word' id='word_1_169' title='bbox 682 1436 788 1464; x_wconf 86' lang='lat' dir='ltr'>Christi</span> <span class='ocrx_word' id='word_1_170' title='bbox 809 1444 839 1472; x_wconf 89' lang='lat' dir='ltr'>p.</span> <span class='ocrx_word' id='word_1_171' title='bbox 867 1439 930 1463; x_wconf 89' lang='grc'><strong>107.</strong></span> 
     </span>
    </p>

    <p class='ocr_par' dir='ltr' id='par_1_10' title="bbox 150 1482 973 1619">
     <span class='ocr_line' id='line_1_28' title="bbox 150 1482 973 1520; baseline 0.002 -10"><span class='ocrx_word' id='word_1_172' title='bbox 150 1482 331 1519; x_wconf 82' lang='lat' dir='ltr'>Cyrenaeum</span> <span class='ocrx_word' id='word_1_173' title='bbox 351 1484 565 1520; x_wconf 85' lang='lat' dir='ltr'>phantasiastae</span> <span class='ocrx_word' id='word_1_174' title='bbox 583 1485 716 1513; x_wconf 87' lang='lat' dir='ltr'>dicebaut</span> <span class='ocrx_word' id='word_1_175' title='bbox 730 1485 899 1513; x_wconf 81' lang='lat' dir='ltr'>crucifixum</span> <span class='ocrx_word' id='word_1_176' title='bbox 911 1485 973 1513; x_wconf 89' lang='lat' dir='ltr'>loco</span> 
     </span>
     <span class='ocr_line' id='line_1_29' title="bbox 208 1531 971 1569; baseline 0.003 -9"><span class='ocrx_word' id='word_1_177' title='bbox 208 1531 330 1569; x_wconf 83' lang='lat' dir='ltr'>Christi,</span> <span class='ocrx_word' id='word_1_178' title='bbox 344 1534 393 1569; x_wconf 88' lang='lat' dir='ltr'>qui</span> <span class='ocrx_word' id='word_1_179' title='bbox 412 1535 527 1562; x_wconf 83' lang='lat' dir='ltr'>interim</span> <span class='ocrx_word' id='word_1_180' title='bbox 548 1535 577 1562; x_wconf 88' lang='lat' dir='ltr'>iu</span> <span class='ocrx_word' id='word_1_181' title='bbox 597 1537 694 1562; x_wconf 86' lang='lat' dir='ltr'>monte</span> <span class='ocrx_word' id='word_1_182' title='bbox 705 1534 831 1562; x_wconf 86' lang='lat' dir='ltr'>residens</span> <span class='ocrx_word' id='word_1_183' title='bbox 851 1534 971 1562; x_wconf 86' lang='lat' dir='ltr'>Iudaeos</span> 
     </span>
     <span class='ocr_line' id='line_1_30' title="bbox 208 1580 674 1619; baseline 0.004 -11"><span class='ocrx_word' id='word_1_184' title='bbox 208 1580 392 1609; x_wconf 77' lang='lat' dir='ltr'>crucifixores</span> <span class='ocrx_word' id='word_1_185' title='bbox 409 1582 556 1610; x_wconf 84' lang='lat' dir='ltr'>deridebat</span> <span class='ocrx_word' id='word_1_186' title='bbox 574 1591 602 1619; x_wconf 85' lang='lat' dir='ltr'>p.</span> <span class='ocrx_word' id='word_1_187' title='bbox 625 1587 674 1610; x_wconf 96' lang='lat'>82.</span> 
     </span>
    </p>

    <p class='ocr_par' dir='ltr' id='par_1_11' title="bbox 145 1629 970 1862">
     <span class='ocr_line' id='line_1_31' title="bbox 145 1629 967 1668; baseline 0.002 -11"><span class='ocrx_word' id='word_1_188' title='bbox 145 1629 274 1666; x_wconf 60' lang='lat' dir='ltr'>cyrillus</span> <span class='ocrx_word' id='word_1_189' title='bbox 289 1630 494 1659; x_wconf 81' lang='lat' dir='ltr'>alexandrinus</span> <span class='ocrx_word' id='word_1_190' title='bbox 508 1632 613 1659; x_wconf 86' lang='lat' dir='ltr'>citatur</span> <span class='ocrx_word' id='word_1_191' title='bbox 623 1640 651 1668; x_wconf 92' lang='lat' dir='ltr'>p.</span> <span class='ocrx_word' id='word_1_192' title='bbox 669 1635 716 1659; x_wconf 84' lang='lat'>62.</span> <span class='ocrx_word' id='word_1_193' title='bbox 734 1635 799 1659; x_wconf 91' lang='lat'><strong>100.</strong></span> <span class='ocrx_word' id='word_1_194' title='bbox 817 1635 883 1659; x_wconf 82' lang='grc'><strong>104.</strong></span> <span class='ocrx_word' id='word_1_195' title='bbox 901 1635 967 1660; x_wconf 88' lang='grc'><strong>105.</strong></span> 
     </span>
     <span class='ocr_line' id='line_1_32' title="bbox 208 1678 970 1717; baseline 0.003 -11"><span class='ocrx_word' id='word_1_196' title='bbox 208 1678 252 1707; x_wconf 78' lang='lat' dir='ltr'>Ex</span> <span class='ocrx_word' id='word_1_197' title='bbox 273 1680 334 1707; x_wconf 89' lang='lat' dir='ltr'>eius</span> <span class='ocrx_word' id='word_1_198' title='bbox 346 1680 467 1708; x_wconf 83' lang='lat' dir='ltr'>antehac</span> <span class='ocrx_word' id='word_1_199' title='bbox 487 1680 593 1708; x_wconf 88' lang='lat' dir='ltr'>inedito</span> <span class='ocrx_word' id='word_1_200' title='bbox 611 1682 816 1709; x_wconf 88' lang='lat' dir='ltr'>commentari0</span> <span class='ocrx_word' id='word_1_201' title='bbox 830 1681 860 1708; x_wconf 92' lang='lat' dir='ltr'>in</span> <span class='ocrx_word' id='word_1_202' title='bbox 873 1688 918 1717; x_wconf 91' lang='lat' dir='ltr'>ep.</span> <span class='ocrx_word' id='word_1_203' title='bbox 932 1680 970 1708; x_wconf 85' lang='lat' dir='ltr'>ad</span> 
     </span>
     <span class='ocr_line' id='line_1_33' title="bbox 211 1728 969 1766; baseline 0.003 -11"><span class='ocrx_word' id='word_1_204' title='bbox 211 1728 296 1756; x_wconf 78' lang='lat' dir='ltr'><strong>Rom.</strong></span> <span class='ocrx_word' id='word_1_205' title='bbox 318 1728 342 1756; x_wconf 92' lang='lat' dir='ltr'>I.</span> <span class='ocrx_word' id='word_1_206' title='bbox 358 1733 387 1756; x_wconf 86' lang='grc'>4.</span> <span class='ocrx_word' id='word_1_207' title='bbox 403 1728 440 1756; x_wconf 85' lang='lat' dir='ltr'>X.</span> <span class='ocrx_word' id='word_1_208' title='bbox 459 1733 486 1757; x_wconf 87' lang='grc'><strong>6.</strong></span> <span class='ocrx_word' id='word_1_209' title='bbox 505 1729 562 1757; x_wconf 90' lang='lat' dir='ltr'>duo</span> <span class='ocrx_word' id='word_1_210' title='bbox 582 1730 637 1758; x_wconf 86' lang='lat' dir='ltr'>loci</span> <span class='ocrx_word' id='word_1_211' title='bbox 660 1730 763 1766; x_wconf 88' lang='lat' dir='ltr'>prolati</span> <span class='ocrx_word' id='word_1_212' title='bbox 780 1729 969 1766; x_wconf 80' lang='lat' dir='ltr'>aNicephoro</span> 
     </span>
     <span class='ocr_line' id='line_1_34' title="bbox 204 1777 967 1816; baseline 0.004 -13"><span class='ocrx_word' id='word_1_213' title='bbox 204 1777 235 1803; x_wconf 92' lang='lat' dir='ltr'>in</span> <span class='ocrx_word' id='word_1_214' title='bbox 255 1779 328 1812; x_wconf 90' lang='lat' dir='ltr'>part.</span> <span class='ocrx_word' id='word_1_215' title='bbox 345 1777 396 1804; x_wconf 86' lang='lat' dir='ltr'>lat.</span> <span class='ocrx_word' id='word_1_216' title='bbox 419 1786 448 1813; x_wconf 92' lang='lat' dir='ltr'>p.</span> <span class='ocrx_word' id='word_1_217' title='bbox 468 1782 535 1806; x_wconf 71' lang='lat'><strong>104.</strong></span> <span class='ocrx_word' id='word_1_218' title='bbox 552 1782 580 1807; x_wconf 87' lang='lat' dir='ltr'>et</span> <span class='ocrx_word' id='word_1_219' title='bbox 593 1780 623 1806; x_wconf 84' lang='grc'>10</span> <span class='ocrx_word' id='word_1_220' title='bbox 638 1782 712 1815; x_wconf 90' lang='lat' dir='ltr'>part.</span> <span class='ocrx_word' id='word_1_221' title='bbox 729 1787 773 1816; x_wconf 80' lang='lat' dir='ltr'>gr.</span> <span class='ocrx_word' id='word_1_222' title='bbox 792 1783 858 1814; x_wconf 86' lang='lat'><strong>137,</strong></span> <span class='ocrx_word' id='word_1_223' title='bbox 876 1779 967 1806; x_wconf 87' lang='lat' dir='ltr'>Immo</span> 
     </span>
     <span class='ocr_line' id='line_1_35' title="bbox 205 1824 550 1862; baseline 0.009 -10"><span class='ocrx_word' id='word_1_224' title='bbox 205 1824 327 1853; x_wconf 82' lang='lat' dir='ltr'>fortasse</span> <span class='ocrx_word' id='word_1_225' title='bbox 342 1825 416 1854; x_wconf 90' lang='lat' dir='ltr'>alius</span> <span class='ocrx_word' id='word_1_226' title='bbox 433 1834 462 1862; x_wconf 91' lang='lat' dir='ltr'>p.</span> <span class='ocrx_word' id='word_1_227' title='bbox 485 1831 550 1855; x_wconf 88' lang='lat'><strong>105.</strong></span> 
     </span>
    </p>
   </div>
   <div class='ocr_carea' id='block_1_3' title="bbox 542 1897 567 1926">
    <p class='ocr_par' dir='ltr' id='par_1_12' title="bbox 542 1897 567 1926">
     <span class='ocr_line' id='line_1_36' title="bbox 542 1897 567 1926; baseline 0 0"><span class='ocrx_word' id='word_1_228' title='bbox 542 1897 567 1926; x_wconf 92' lang='lat' dir='ltr'>D</span> 
     </span>
    </p>
   </div>
   <div class='ocr_carea' id='block_1_4' title="bbox 121 1970 963 2446">
    <p class='ocr_par' dir='ltr' id='par_1_13' title="bbox 143 1970 962 2012">
     <span class='ocr_line' id='line_1_37' title="bbox 143 1970 962 2012; baseline 0.006 -14"><span class='ocrx_word' id='word_1_229' title='bbox 143 1970 277 2000; x_wconf 88' lang='lat' dir='ltr'>Definitio</span> <span class='ocrx_word' id='word_1_230' title='bbox 297 1974 455 2000; x_wconf 86' lang='lat' dir='ltr'>summaria</span> <span class='ocrx_word' id='word_1_231' title='bbox 477 1973 615 2003; x_wconf 79' lang='lat' dir='ltr'>adversus</span> <span class='ocrx_word' id='word_1_232' title='bbox 638 1974 845 2003; x_wconf 88' lang='lat' dir='ltr'>Iconomachos</span> <span class='ocrx_word' id='word_1_233' title='bbox 861 1984 890 2012; x_wconf 90' lang='lat' dir='ltr'>p.</span> <span class='ocrx_word' id='word_1_234' title='bbox 917 1980 962 2003; x_wconf 81' lang='grc'>14.</span> 
     </span>
    </p>

    <p class='ocr_par' dir='ltr' id='par_1_14' title="bbox 144 2019 726 2059">
     <span class='ocr_line' id='line_1_38' title="bbox 144 2019 726 2059; baseline 0.009 -13"><span class='ocrx_word' id='word_1_235' title='bbox 144 2019 220 2047; x_wconf 75' lang='lat' dir='ltr'>Deus</span> <span class='ocrx_word' id='word_1_236' title='bbox 241 2021 378 2054; x_wconf 65' lang='grc' dir='ltr'>ὁπερτελης</span> <span class='ocrx_word' id='word_1_237' title='bbox 399 2025 427 2048; x_wconf 70' lang='lat' dir='ltr'>et</span> <span class='ocrx_word' id='word_1_238' title='bbox 447 2024 592 2054; x_wconf 65' lang='grc' dir='ltr'>πρετέλειῡς</span> <span class='ocrx_word' id='word_1_239' title='bbox 614 2031 643 2059; x_wconf 88' lang='lat' dir='ltr'>p.</span> <span class='ocrx_word' id='word_1_240' title='bbox 661 2027 726 2051; x_wconf 85' lang='lat'><strong>168.</strong></span> 
     </span>
    </p>

    <p class='ocr_par' dir='ltr' id='par_1_15' title="bbox 144 2070 902 2108">
     <span class='ocr_line' id='line_1_39' title="bbox 144 2070 902 2108; baseline 0.012 -17"><span class='ocrx_word' id='word_1_241' title='bbox 144 2070 298 2095; x_wconf 59' lang='lat' dir='ltr'>Ammo-tim</span> <span class='ocrx_word' id='word_1_242' title='bbox 321 2076 373 2103; x_wconf 87' lang='lat' dir='ltr'>pro</span> <span class='ocrx_word' id='word_1_243' title='bbox 395 2070 456 2101; x_wconf 61' lang='grc' dir='ltr'>εᾱξα</span> <span class='ocrx_word' id='word_1_244' title='bbox 478 2070 534 2103; x_wconf 85' lang='grc'><strong>(15.</strong></span> <span class='ocrx_word' id='word_1_245' title='bbox 549 2070 684 2098; x_wconf 81' lang='lat' dir='ltr'><strong>XXXIII.</strong></span> <span class='ocrx_word' id='word_1_246' title='bbox 712 2072 777 2107; x_wconf 90' lang='grc'><strong>17.)</strong></span> <span class='ocrx_word' id='word_1_247' title='bbox 798 2080 826 2108; x_wconf 91' lang='lat' dir='ltr'>p.</span> <span class='ocrx_word' id='word_1_248' title='bbox 854 2076 902 2099; x_wconf 70' lang='grc'><strong>9-1.</strong></span> 
     </span>
    </p>

    <p class='ocr_par' dir='ltr' id='par_1_16' title="bbox 143 2110 960 2155">
     <span class='ocr_line' id='line_1_40' title="bbox 143 2110 960 2155; baseline 0.01 -15"><span class='ocrx_word' id='word_1_249' title='bbox 143 2113 188 2140; x_wconf 91' lang='lat' dir='ltr'>Dii</span> <span class='ocrx_word' id='word_1_250' title='bbox 206 2114 385 2143; x_wconf 86' lang='lat' dir='ltr'>ethnicorum</span> <span class='ocrx_word' id='word_1_251' title='bbox 399 2117 470 2144; x_wconf 83' lang='lat' dir='ltr'>varii</span> <span class='ocrx_word' id='word_1_252' title='bbox 482 2119 708 2155; x_wconf 87' lang='lat' dir='ltr'>nominanturp.</span> <span class='ocrx_word' id='word_1_253' title='bbox 727 2123 792 2147; x_wconf 85' lang='grc'><strong>179.</strong></span> <span class='ocrx_word' id='word_1_254' title='bbox 811 2123 877 2148; x_wconf 88' lang='grc'><strong>194.</strong></span> <span class='ocrx_word' id='word_1_255' title='bbox 896 2110 960 2147; x_wconf 78' lang='grc'><strong>195.</strong></span> 
     </span>
    </p>

    <p class='ocr_par' dir='ltr' id='par_1_17' title="bbox 142 2162 963 2248">
     <span class='ocr_line' id='line_1_41' title="bbox 142 2162 963 2202; baseline 0.011 -13"><span class='ocrx_word' id='word_1_256' title='bbox 142 2162 297 2199; x_wconf 81' lang='lat' dir='ltr'>Dionysius</span> <span class='ocrx_word' id='word_1_257' title='bbox 310 2171 405 2200; x_wconf 84' lang='lat' dir='ltr'><strong>areop.</strong></span> <span class='ocrx_word' id='word_1_258' title='bbox 420 2168 524 2193; x_wconf 87' lang='lat' dir='ltr'>citatur</span> <span class='ocrx_word' id='word_1_259' title='bbox 543 2175 572 2202; x_wconf 90' lang='lat' dir='ltr'>p.</span> <span class='ocrx_word' id='word_1_260' title='bbox 595 2172 660 2195; x_wconf 93' lang='lat'><strong>101.</strong></span> <span class='ocrx_word' id='word_1_261' title='bbox 677 2168 756 2197; x_wconf 85' lang='lat' dir='ltr'>Idem</span> <span class='ocrx_word' id='word_1_262' title='bbox 775 2168 869 2197; x_wconf 80' lang='lat' dir='ltr'>dictus</span> <span class='ocrx_word' id='word_1_263' title='bbox 882 2169 963 2197; x_wconf 89' lang='lat' dir='ltr'>theo-</span> 
     </span>
     <span class='ocr_line' id='line_1_42' title="bbox 200 2213 661 2248; baseline 0.009 -9"><span class='ocrx_word' id='word_1_264' title='bbox 200 2213 340 2248; x_wconf 73' lang='lat' dir='ltr'>mysticus</span> <span class='ocrx_word' id='word_1_265' title='bbox 362 2221 390 2248; x_wconf 94' lang='lat' dir='ltr'>p.</span> <span class='ocrx_word' id='word_1_266' title='bbox 415 2218 480 2241; x_wconf 85' lang='lat'><strong>168.</strong></span> <span class='ocrx_word' id='word_1_267' title='bbox 507 2223 572 2242; x_wconf 90' lang='lat' dir='ltr'>cum</span> <span class='ocrx_word' id='word_1_268' title='bbox 594 2216 661 2243; x_wconf 89' lang='lat' dir='ltr'>adn.</span> 
     </span>
    </p>

    <p class='ocr_par' dir='ltr' id='par_1_18' title="bbox 141 2260 962 2348">
     <span class='ocr_line' id='line_1_43' title="bbox 141 2260 962 2302; baseline 0.01 -15"><span class='ocrx_word' id='word_1_269' title='bbox 141 2260 263 2288; x_wconf 89' lang='lat' dir='ltr'>Docetae</span> <span class='ocrx_word' id='word_1_270' title='bbox 281 2269 331 2289; x_wconf 91' lang='lat' dir='ltr'>seu</span> <span class='ocrx_word' id='word_1_271' title='bbox 352 2261 565 2297; x_wconf 80' lang='lat' dir='ltr'>phantasiastae</span> <span class='ocrx_word' id='word_1_272' title='bbox 580 2263 715 2293; x_wconf 86' lang='lat' dir='ltr'>haeretici</span> <span class='ocrx_word' id='word_1_273' title='bbox 726 2274 756 2302; x_wconf 92' lang='lat' dir='ltr'>p.</span> <span class='ocrx_word' id='word_1_274' title='bbox 771 2269 820 2294; x_wconf 87' lang='lat'>53.</span> <span class='ocrx_word' id='word_1_275' title='bbox 844 2266 962 2294; x_wconf 89' lang='lat' dir='ltr'>Illorum</span> 
     </span>
     <span class='ocr_line' id='line_1_44' title="bbox 198 2308 714 2348; baseline 0.008 -12"><span class='ocrx_word' id='word_1_276' title='bbox 198 2308 298 2337; x_wconf 81' lang='lat' dir='ltr'>fabula</span> <span class='ocrx_word' id='word_1_277' title='bbox 316 2309 350 2337; x_wconf 90' lang='lat' dir='ltr'>de</span> <span class='ocrx_word' id='word_1_278' title='bbox 373 2309 477 2338; x_wconf 83' lang='lat' dir='ltr'>Christi</span> <span class='ocrx_word' id='word_1_279' title='bbox 499 2314 589 2339; x_wconf 88' lang='lat' dir='ltr'>morte</span> <span class='ocrx_word' id='word_1_280' title='bbox 611 2320 641 2348; x_wconf 89' lang='lat' dir='ltr'>p.</span> <span class='ocrx_word' id='word_1_281' title='bbox 666 2317 714 2340; x_wconf 86' lang='lat'>82.</span> 
     </span>
    </p>

    <p class='ocr_par' dir='ltr' id='par_1_19' title="bbox 121 2356 962 2446">
     <span class='ocr_line' id='line_1_45' title="bbox 121 2356 962 2398; baseline 0.01 -15"><span class='ocrx_word' id='word_1_282' title='bbox 121 2356 250 2395; x_wconf 30' lang='lat' dir='ltr'>*Dogma</span> <span class='ocrx_word' id='word_1_283' title='bbox 272 2358 303 2385; x_wconf 92' lang='lat' dir='ltr'>in</span> <span class='ocrx_word' id='word_1_284' title='bbox 324 2358 445 2386; x_wconf 83' lang='lat' dir='ltr'>concilio</span> <span class='ocrx_word' id='word_1_285' title='bbox 459 2361 641 2388; x_wconf 89' lang='lat' dir='ltr'>oecumenico</span> <span class='ocrx_word' id='word_1_286' title='bbox 659 2360 825 2398; x_wconf 86' lang='lat' dir='ltr'>definitum,</span> <span class='ocrx_word' id='word_1_287' title='bbox 846 2370 905 2390; x_wconf 92' lang='lat' dir='ltr'>non</span> <span class='ocrx_word' id='word_1_288' title='bbox 918 2365 962 2391; x_wconf 84' lang='lat' dir='ltr'>est</span> 
     </span>
     <span class='ocr_line' id='line_1_46' title="bbox 197 2409 771 2446; baseline 0.009 -12"><span class='ocrx_word' id='word_1_289' title='bbox 197 2413 290 2434; x_wconf 85' lang='lat' dir='ltr'>novae</span> <span class='ocrx_word' id='word_1_290' title='bbox 311 2409 473 2443; x_wconf 85' lang='lat' dir='ltr'>quaestioni</span> <span class='ocrx_word' id='word_1_291' title='bbox 494 2409 651 2438; x_wconf 78' lang='lat' dir='ltr'>obnoxium</span> <span class='ocrx_word' id='word_1_292' title='bbox 669 2418 699 2446; x_wconf 89' lang='lat' dir='ltr'>p.</span> <span class='ocrx_word' id='word_1_293' title='bbox 725 2414 771 2439; x_wconf 89' lang='lat'>10.</span> 
     </span>
    </p>
   </div>
   <div class='ocr_carea' id='block_1_5' title="bbox 518 2479 540 2507">
    <p class='ocr_par' dir='ltr' id='par_1_20' title="bbox 518 2479 540 2507">
     <span class='ocr_line' id='line_1_47' title="bbox 518 2479 540 2507; baseline 0 0"><span class='ocrx_word' id='word_1_294' title='bbox 518 2479 540 2507; x_wconf 87' lang='lat' dir='ltr'>E</span> 
     </span>
    </p>
   </div>
   <div class='ocr_carea' id='block_1_6' title="bbox 134 2551 958 2881">
    <p class='ocr_par' dir='ltr' id='par_1_21' title="bbox 137 2551 958 2738">
     <span class='ocr_line' id='line_1_48' title="bbox 137 2551 956 2593; baseline 0.007 -14"><span class='ocrx_word' id='word_1_295' title='bbox 137 2551 312 2588; x_wconf 88' lang='lat' dir='ltr'>Epiphanius</span> <span class='ocrx_word' id='word_1_296' title='bbox 330 2561 419 2582; x_wconf 87' lang='lat' dir='ltr'>serm.</span> <span class='ocrx_word' id='word_1_297' title='bbox 441 2555 475 2583; x_wconf 90' lang='lat' dir='ltr'>de</span> <span class='ocrx_word' id='word_1_298' title='bbox 492 2555 637 2584; x_wconf 86' lang='lat' dir='ltr'>oblatione</span> <span class='ocrx_word' id='word_1_299' title='bbox 648 2564 700 2592; x_wconf 90' lang='lat' dir='ltr'>pro</span> <span class='ocrx_word' id='word_1_300' title='bbox 714 2557 836 2584; x_wconf 87' lang='lat' dir='ltr'>mortuis</span> <span class='ocrx_word' id='word_1_301' title='bbox 857 2565 886 2593; x_wconf 93' lang='lat' dir='ltr'>p.</span> <span class='ocrx_word' id='word_1_302' title='bbox 907 2560 956 2586; x_wconf 89' lang='lat'>90.</span> 
     </span>
     <span class='ocr_line' id='line_1_49' title="bbox 194 2599 958 2641; baseline 0.007 -13"><span class='ocrx_word' id='word_1_303' title='bbox 194 2599 262 2629; x_wconf 91' lang='lat' dir='ltr'>Eius</span> <span class='ocrx_word' id='word_1_304' title='bbox 279 2601 358 2630; x_wconf 91' lang='lat' dir='ltr'>locus</span> <span class='ocrx_word' id='word_1_305' title='bbox 380 2604 409 2630; x_wconf 89' lang='grc'>111</span> <span class='ocrx_word' id='word_1_306' title='bbox 430 2603 603 2631; x_wconf 85' lang='lat' dir='ltr'>editionibus</span> <span class='ocrx_word' id='word_1_307' title='bbox 618 2608 768 2641; x_wconf 88' lang='lat' dir='ltr'>corruptus</span> <span class='ocrx_word' id='word_1_308' title='bbox 790 2605 958 2633; x_wconf 86' lang='lat' dir='ltr'>emendatur</span> 
     </span>
     <span class='ocr_line' id='line_1_50' title="bbox 194 2651 957 2691; baseline 0.008 -15"><span class='ocrx_word' id='word_1_309' title='bbox 194 2656 223 2684; x_wconf 91' lang='lat' dir='ltr'>p.</span> <span class='ocrx_word' id='word_1_310' title='bbox 245 2652 293 2677; x_wconf 83' lang='lat'>91.</span> <span class='ocrx_word' id='word_1_311' title='bbox 316 2651 383 2679; x_wconf 90' lang='lat' dir='ltr'>adn.</span> <span class='ocrx_word' id='word_1_312' title='bbox 398 2651 532 2680; x_wconf 76' lang='lat' dir='ltr'>Eiusdem</span> <span class='ocrx_word' id='word_1_313' title='bbox 549 2654 690 2681; x_wconf 86' lang='lat' dir='ltr'>sententia</span> <span class='ocrx_word' id='word_1_314' title='bbox 708 2653 743 2681; x_wconf 89' lang='lat' dir='ltr'>de</span> <span class='ocrx_word' id='word_1_315' title='bbox 761 2661 799 2682; x_wconf 84' lang='lat' dir='ltr'>ss.</span> <span class='ocrx_word' id='word_1_316' title='bbox 822 2655 957 2691; x_wconf 83' lang='lat' dir='ltr'>imagini-</span> 
     </span>
     <span class='ocr_line' id='line_1_51' title="bbox 194 2696 612 2738; baseline 0.012 -14"><span class='ocrx_word' id='word_1_317' title='bbox 194 2696 248 2725; x_wconf 86' lang='lat' dir='ltr'>hus</span> <span class='ocrx_word' id='word_1_318' title='bbox 268 2698 391 2728; x_wconf 87' lang='lat' dir='ltr'>creditur</span> <span class='ocrx_word' id='word_1_319' title='bbox 412 2700 512 2729; x_wconf 85' lang='lat' dir='ltr'>fictitia</span> <span class='ocrx_word' id='word_1_320' title='bbox 532 2710 561 2738; x_wconf 90' lang='lat' dir='ltr'>p.</span> <span class='ocrx_word' id='word_1_321' title='bbox 582 2706 612 2729; x_wconf 83' lang='lat'>4.</span> 
     </span>
    </p>

    <p class='ocr_par' dir='ltr' id='par_1_22' title="bbox 136 2744 952 2788">
     <span class='ocr_line' id='line_1_52' title="bbox 136 2744 952 2788; baseline 0.01 -16"><span class='ocrx_word' id='word_1_322' title='bbox 136 2744 267 2782; x_wconf 84' lang='lat' dir='ltr'>Episcopi</span> <span class='ocrx_word' id='word_1_323' title='bbox 278 2751 422 2783; x_wconf 86' lang='lat' dir='ltr'>apostatae</span> <span class='ocrx_word' id='word_1_324' title='bbox 435 2758 451 2777; x_wconf 90' lang='lat' dir='ltr'>a</span> <span class='ocrx_word' id='word_1_325' title='bbox 462 2749 516 2777; x_wconf 84' lang='lat' dir='ltr'>fide</span> <span class='ocrx_word' id='word_1_326' title='bbox 526 2750 640 2778; x_wconf 89' lang='lat' dir='ltr'>concilii</span> <span class='ocrx_word' id='word_1_327' title='bbox 652 2751 764 2779; x_wconf 86' lang='lat' dir='ltr'>nicaeni</span> <span class='ocrx_word' id='word_1_328' title='bbox 781 2751 821 2779; x_wconf 93' lang='grc' dir='ltr'>ΙΙ.</span> <span class='ocrx_word' id='word_1_329' title='bbox 836 2759 865 2788; x_wconf 92' lang='lat' dir='ltr'>p.</span> <span class='ocrx_word' id='word_1_330' title='bbox 886 2755 952 2780; x_wconf 87' lang='lat'><strong>150.</strong></span> 
     </span>
    </p>

    <p class='ocr_par' dir='ltr' id='par_1_23' title="bbox 134 2793 953 2881">
     <span class='ocr_line' id='line_1_53' title="bbox 134 2793 953 2837; baseline 0.011 -17"><span class='ocrx_word' id='word_1_331' title='bbox 134 2793 265 2831; x_wconf 87' lang='lat' dir='ltr'>Episcopi</span> <span class='ocrx_word' id='word_1_332' title='bbox 286 2803 336 2823; x_wconf 88' lang='lat' dir='ltr'>seu</span> <span class='ocrx_word' id='word_1_333' title='bbox 363 2798 522 2827; x_wconf 86' lang='lat' dir='ltr'>sacerdotes</span> <span class='ocrx_word' id='word_1_334' title='bbox 547 2799 727 2828; x_wconf 86' lang='lat' dir='ltr'>iconomachi</span> <span class='ocrx_word' id='word_1_335' title='bbox 750 2801 878 2837; x_wconf 71' lang='lat' dir='ltr'>graviter</span> <span class='ocrx_word' id='word_1_336' title='bbox 906 2809 953 2830; x_wconf 89' lang='lat' dir='ltr'>ar-</span> 
     </span>
     <span class='ocr_line' id='line_1_54' title="bbox 191 2846 457 2881; baseline 0.015 -10"><span class='ocrx_word' id='word_1_337' title='bbox 191 2846 318 2880; x_wconf 84' lang='lat' dir='ltr'>guuntur</span> <span class='ocrx_word' id='word_1_338' title='bbox 339 2853 366 2881; x_wconf 90' lang='lat' dir='ltr'>p.</span> <span class='ocrx_word' id='word_1_339' title='bbox 393 2850 457 2875; x_wconf 86' lang='lat'><strong>136.</strong></span> 
     </span>
    </p>
   </div>
   <div class='ocr_carea' id='block_1_7' title="bbox 1736 135 1860 177">
    <p class='ocr_par' dir='ltr' id='par_1_24' title="bbox 1736 135 1860 177">
     <span class='ocr_line' id='line_1_55' title="bbox 1736 135 1860 177; baseline 0 0"><span class='ocrx_word' id='word_1_340' title='bbox 1736 145 1745 159; x_wconf 83' lang='lat'><strong><em>¹</em></strong></span> <span class='ocrx_word' id='word_1_341' title='bbox 1780 135 1860 177; x_wconf 66' lang='lat'><strong>‘269</strong></span> 
     </span>
    </p>
   </div>
   <div class='ocr_carea' id='block_1_8' title="bbox 1034 216 1867 1277">
    <p class='ocr_par' dir='ltr' id='par_1_25' title="bbox 1037 216 1526 256">
     <span class='ocr_line' id='line_1_56' title="bbox 1037 216 1526 256; baseline 0.008 -12"><span class='ocrx_word' id='word_1_342' title='bbox 1037 216 1242 246; x_wconf 86' lang='lat' dir='ltr'>Erichthonius</span> <span class='ocrx_word' id='word_1_343' title='bbox 1263 218 1384 256; x_wconf 67' lang='lat' dir='ltr'>diphyes</span> <span class='ocrx_word' id='word_1_344' title='bbox 1404 228 1434 256; x_wconf 91' lang='lat' dir='ltr'>p.</span> <span class='ocrx_word' id='word_1_345' title='bbox 1460 223 1526 248; x_wconf 82' lang='grc'><strong>194.</strong></span> 
     </span>
    </p>

    <p class='ocr_par' dir='ltr' id='par_1_26' title="bbox 1035 265 1867 496">
     <span class='ocr_line' id='line_1_57' title="bbox 1035 265 1862 304; baseline 0.005 -11"><span class='ocrx_word' id='word_1_346' title='bbox 1035 265 1218 294; x_wconf 85' lang='lat' dir='ltr'>Eucharistia</span> <span class='ocrx_word' id='word_1_347' title='bbox 1241 267 1272 294; x_wconf 91' lang='lat' dir='ltr'>in</span> <span class='ocrx_word' id='word_1_348' title='bbox 1290 269 1432 296; x_wconf 80' lang='lat' dir='ltr'>sententia</span> <span class='ocrx_word' id='word_1_349' title='bbox 1450 269 1611 304; x_wconf 85' lang='lat' dir='ltr'>catholica,</span> <span class='ocrx_word' id='word_1_350' title='bbox 1634 267 1664 296; x_wconf 93' lang='lat' dir='ltr'>id</span> <span class='ocrx_word' id='word_1_351' title='bbox 1689 271 1733 297; x_wconf 82' lang='lat' dir='ltr'>est</span> <span class='ocrx_word' id='word_1_352' title='bbox 1755 268 1862 297; x_wconf 81' lang='lat' dir='ltr'>Christi</span> 
     </span>
     <span class='ocr_line' id='line_1_58' title="bbox 1094 316 1863 353; baseline 0.007 -12"><span class='ocrx_word' id='word_1_353' title='bbox 1094 321 1198 350; x_wconf 89' lang='lat' dir='ltr'>corpus</span> <span class='ocrx_word' id='word_1_354' title='bbox 1217 316 1246 341; x_wconf 86' lang='lat' dir='ltr'>et</span> <span class='ocrx_word' id='word_1_355' title='bbox 1268 316 1438 351; x_wconf 84' lang='lat' dir='ltr'>sanguinem</span> <span class='ocrx_word' id='word_1_356' title='bbox 1453 318 1620 353; x_wconf 88' lang='lat' dir='ltr'>continens,</span> <span class='ocrx_word' id='word_1_357' title='bbox 1635 325 1664 353; x_wconf 87' lang='lat' dir='ltr'>p.</span> <span class='ocrx_word' id='word_1_358' title='bbox 1679 321 1727 345; x_wconf 86' lang='lat'>67.</span> <span class='ocrx_word' id='word_1_359' title='bbox 1748 322 1796 346; x_wconf 87' lang='lat'>68.</span> <span class='ocrx_word' id='word_1_360' title='bbox 1816 322 1863 346; x_wconf 86' lang='lat'>69.</span> 
     </span>
     <span class='ocr_line' id='line_1_59' title="bbox 1100 364 1867 394; baseline 0.005 -4"><span class='ocrx_word' id='word_1_361' title='bbox 1100 366 1149 390; x_wconf 88' lang='grc'>84.</span> <span class='ocrx_word' id='word_1_362' title='bbox 1179 365 1246 390; x_wconf 87' lang='grc'><strong>103.</strong></span> <span class='ocrx_word' id='word_1_363' title='bbox 1276 367 1341 391; x_wconf 86' lang='grc'><strong>177.</strong></span> <span class='ocrx_word' id='word_1_364' title='bbox 1365 368 1433 392; x_wconf 82' lang='lat'><strong>239.</strong></span> <span class='ocrx_word' id='word_1_365' title='bbox 1459 369 1527 392; x_wconf 87' lang='grc'><strong>248.</strong></span> <span class='ocrx_word' id='word_1_366' title='bbox 1545 364 1618 393; x_wconf 86' lang='lat' dir='ltr'>Sunt</span> <span class='ocrx_word' id='word_1_367' title='bbox 1639 365 1670 393; x_wconf 93' lang='lat' dir='ltr'>hi</span> <span class='ocrx_word' id='word_1_368' title='bbox 1690 374 1789 394; x_wconf 87' lang='lat' dir='ltr'>omues</span> <span class='ocrx_word' id='word_1_369' title='bbox 1811 366 1867 394; x_wconf 89' lang='lat' dir='ltr'>loci</span> 
     </span>
     <span class='ocr_line' id='line_1_60' title="bbox 1099 410 1865 451; baseline 0.008 -14"><span class='ocrx_word' id='word_1_370' title='bbox 1099 411 1206 447; x_wconf 80' lang='lat' dir='ltr'>egregii</span> <span class='ocrx_word' id='word_1_371' title='bbox 1219 410 1356 438; x_wconf 82' lang='lat' dir='ltr'>adversus</span> <span class='ocrx_word' id='word_1_372' title='bbox 1376 412 1538 441; x_wconf 84' lang='lat' dir='ltr'>incredulos</span> <span class='ocrx_word' id='word_1_373' title='bbox 1560 413 1761 442; x_wconf 86' lang='lat' dir='ltr'>heterodoxos.</span> <span class='ocrx_word' id='word_1_374' title='bbox 1775 414 1865 451; x_wconf 83' lang='lat' dir='ltr'>Lega-</span> 
     </span>
     <span class='ocr_line' id='line_1_61' title="bbox 1097 459 1718 496; baseline 0.008 -10"><span class='ocrx_word' id='word_1_375' title='bbox 1097 462 1144 487; x_wconf 88' lang='lat' dir='ltr'>tur</span> <span class='ocrx_word' id='word_1_376' title='bbox 1162 459 1250 487; x_wconf 81' lang='lat' dir='ltr'>etiam</span> <span class='ocrx_word' id='word_1_377' title='bbox 1265 459 1412 488; x_wconf 85' lang='lat' dir='ltr'>adnotatio</span> <span class='ocrx_word' id='word_1_378' title='bbox 1431 469 1458 496; x_wconf 88' lang='lat' dir='ltr'>p.</span> <span class='ocrx_word' id='word_1_379' title='bbox 1477 466 1526 489; x_wconf 85' lang='lat'>69.</span> <span class='ocrx_word' id='word_1_380' title='bbox 1713 466 1718 470; x_wconf 74' lang='grc'>’</span> 
     </span>
    </p>

    <p class='ocr_par' dir='ltr' id='par_1_27' title="bbox 1038 507 1864 592">
     <span class='ocr_line' id='line_1_62' title="bbox 1038 507 1864 547; baseline 0.006 -12"><span class='ocrx_word' id='word_1_381' title='bbox 1038 507 1235 535; x_wconf 86' lang='lat' dir='ltr'>Eucharistiae</span> <span class='ocrx_word' id='word_1_382' title='bbox 1263 509 1396 545; x_wconf 87' lang='lat' dir='ltr'>antitypa</span> <span class='ocrx_word' id='word_1_383' title='bbox 1419 513 1484 537; x_wconf 87' lang='lat' dir='ltr'>ante</span> <span class='ocrx_word' id='word_1_384' title='bbox 1505 518 1563 538; x_wconf 89' lang='lat' dir='ltr'>non</span> <span class='ocrx_word' id='word_1_385' title='bbox 1588 513 1652 547; x_wconf 88' lang='lat' dir='ltr'>post</span> <span class='ocrx_word' id='word_1_386' title='bbox 1675 512 1864 540; x_wconf 85' lang='lat' dir='ltr'>consecratio-</span> 
     </span>
     <span class='ocr_line' id='line_1_63' title="bbox 1096 559 1288 592; baseline -0.005 -8"><span class='ocrx_word' id='word_1_387' title='bbox 1096 564 1163 584; x_wconf 90' lang='lat' dir='ltr'>nem</span> <span class='ocrx_word' id='word_1_388' title='bbox 1185 564 1215 592; x_wconf 90' lang='lat' dir='ltr'>p.</span> <span class='ocrx_word' id='word_1_389' title='bbox 1238 559 1288 584; x_wconf 88' lang='lat'>69.</span> 
     </span>
    </p>

    <p class='ocr_par' dir='ltr' id='par_1_28' title="bbox 1038 604 1863 689">
     <span class='ocr_line' id='line_1_64' title="bbox 1038 604 1863 644; baseline 0.005 -12"><span class='ocrx_word' id='word_1_390' title='bbox 1038 604 1221 633; x_wconf 82' lang='lat' dir='ltr'>Eucharistia</span> <span class='ocrx_word' id='word_1_391' title='bbox 1239 611 1297 632; x_wconf 90' lang='lat' dir='ltr'>nou</span> <span class='ocrx_word' id='word_1_392' title='bbox 1315 608 1358 633; x_wconf 87' lang='lat' dir='ltr'>est</span> <span class='ocrx_word' id='word_1_393' title='bbox 1371 606 1467 642; x_wconf 75' lang='lat' dir='ltr'>Imago</span> <span class='ocrx_word' id='word_1_394' title='bbox 1488 608 1615 643; x_wconf 86' lang='lat' dir='ltr'>corporis</span> <span class='ocrx_word' id='word_1_395' title='bbox 1631 607 1737 636; x_wconf 85' lang='lat' dir='ltr'>Christi</span> <span class='ocrx_word' id='word_1_396' title='bbox 1756 608 1806 636; x_wconf 88' lang='lat' dir='ltr'>sed</span> <span class='ocrx_word' id='word_1_397' title='bbox 1821 609 1863 644; x_wconf 88' lang='lat' dir='ltr'>ip-</span> 
     </span>
     <span class='ocr_line' id='line_1_65' title="bbox 1096 657 1411 689; baseline 0 -8"><span class='ocrx_word' id='word_1_398' title='bbox 1096 661 1160 681; x_wconf 90' lang='lat' dir='ltr'>sum</span> <span class='ocrx_word' id='word_1_399' title='bbox 1184 660 1288 689; x_wconf 86' lang='lat' dir='ltr'>corpus</span> <span class='ocrx_word' id='word_1_400' title='bbox 1310 661 1337 689; x_wconf 87' lang='lat' dir='ltr'>p.</span> <span class='ocrx_word' id='word_1_401' title='bbox 1363 657 1411 681; x_wconf 83' lang='lat'>68.</span> 
     </span>
    </p>

    <p class='ocr_par' dir='ltr' id='par_1_29' title="bbox 1037 701 1863 935">
     <span class='ocr_line' id='line_1_66' title="bbox 1037 701 1863 742; baseline 0.006 -13"><span class='ocrx_word' id='word_1_402' title='bbox 1037 701 1176 730; x_wconf 87' lang='lat' dir='ltr'>Eusebius</span> <span class='ocrx_word' id='word_1_403' title='bbox 1195 701 1340 738; x_wconf 87' lang='lat' dir='ltr'>Pamphili</span> <span class='ocrx_word' id='word_1_404' title='bbox 1361 703 1478 730; x_wconf 86' lang='lat' dir='ltr'>arianus</span> <span class='ocrx_word' id='word_1_405' title='bbox 1495 712 1524 739; x_wconf 91' lang='lat' dir='ltr'>p.</span> <span class='ocrx_word' id='word_1_406' title='bbox 1548 708 1593 731; x_wconf 88' lang='lat'>13.</span> <span class='ocrx_word' id='word_1_407' title='bbox 1617 704 1750 733; x_wconf 72' lang='lat' dir='ltr'>Graviter</span> <span class='ocrx_word' id='word_1_408' title='bbox 1769 714 1863 742; x_wconf 88' lang='lat' dir='ltr'>repre-</span> 
     </span>
     <span class='ocr_line' id='line_1_67' title="bbox 1095 750 1860 790; baseline 0.005 -12"><span class='ocrx_word' id='word_1_409' title='bbox 1095 750 1233 779; x_wconf 89' lang='lat' dir='ltr'>henditur</span> <span class='ocrx_word' id='word_1_410' title='bbox 1245 759 1275 788; x_wconf 92' lang='lat' dir='ltr'>p.</span> <span class='ocrx_word' id='word_1_411' title='bbox 1291 755 1339 779; x_wconf 84' lang='grc'>52.</span> <span class='ocrx_word' id='word_1_412' title='bbox 1358 755 1424 779; x_wconf 84' lang='grc'><strong>160.</strong></span> <span class='ocrx_word' id='word_1_413' title='bbox 1438 751 1517 779; x_wconf 87' lang='lat' dir='ltr'>Idem</span> <span class='ocrx_word' id='word_1_414' title='bbox 1530 753 1735 782; x_wconf 84' lang='lat' dir='ltr'>iconomachus</span> <span class='ocrx_word' id='word_1_415' title='bbox 1750 763 1777 790; x_wconf 92' lang='lat' dir='ltr'>p.</span> <span class='ocrx_word' id='word_1_416' title='bbox 1794 759 1860 782; x_wconf 88' lang='lat'><strong>160.</strong></span> 
     </span>
     <span class='ocr_line' id='line_1_68' title="bbox 1095 799 1863 839; baseline 0.005 -11"><span class='ocrx_word' id='word_1_417' title='bbox 1095 799 1174 828; x_wconf 84' lang='lat' dir='ltr'>Idem</span> <span class='ocrx_word' id='word_1_418' title='bbox 1195 800 1261 828; x_wconf 88' lang='lat' dir='ltr'>ficte</span> <span class='ocrx_word' id='word_1_419' title='bbox 1280 800 1452 837; x_wconf 85' lang='lat' dir='ltr'>subscripsit</span> <span class='ocrx_word' id='word_1_420' title='bbox 1472 800 1539 828; x_wconf 88' lang='lat' dir='ltr'>fidei</span> <span class='ocrx_word' id='word_1_421' title='bbox 1552 802 1704 839; x_wconf 86' lang='lat' dir='ltr'>nicaenae,</span> <span class='ocrx_word' id='word_1_422' title='bbox 1723 806 1756 831; x_wconf 86' lang='lat' dir='ltr'>ut</span> <span class='ocrx_word' id='word_1_423' title='bbox 1776 804 1863 831; x_wconf 87' lang='lat' dir='ltr'>etiam</span> 
     </span>
     <span class='ocr_line' id='line_1_69' title="bbox 1094 849 1862 888; baseline 0.004 -11"><span class='ocrx_word' id='word_1_424' title='bbox 1094 849 1181 877; x_wconf 82' lang='lat' dir='ltr'>Arius</span> <span class='ocrx_word' id='word_1_425' title='bbox 1195 871 1204 886; x_wconf 91' lang='lat'>,</span> <span class='ocrx_word' id='word_1_426' title='bbox 1218 849 1335 885; x_wconf 86' lang='lat' dir='ltr'>ibidem.</span> <span class='ocrx_word' id='word_1_427' title='bbox 1353 849 1433 878; x_wconf 89' lang='lat' dir='ltr'>Idem</span> <span class='ocrx_word' id='word_1_428' title='bbox 1448 849 1531 878; x_wconf 91' lang='lat' dir='ltr'>idolis</span> <span class='ocrx_word' id='word_1_429' title='bbox 1553 850 1745 888; x_wconf 85' lang='lat' dir='ltr'>sacrificasse,</span> <span class='ocrx_word' id='word_1_430' title='bbox 1762 854 1862 880; x_wconf 86' lang='lat' dir='ltr'>mortis</span> 
     </span>
     <span class='ocr_line' id='line_1_70' title="bbox 1094 898 1517 935; baseline 0.002 -10"><span class='ocrx_word' id='word_1_431' title='bbox 1094 899 1213 935; x_wconf 84' lang='lat' dir='ltr'>timore,</span> <span class='ocrx_word' id='word_1_432' title='bbox 1233 898 1377 935; x_wconf 87' lang='lat' dir='ltr'>creditur,</span> <span class='ocrx_word' id='word_1_433' title='bbox 1400 898 1517 926; x_wconf 86' lang='lat' dir='ltr'>ibidem.</span> 
     </span>
    </p>

    <p class='ocr_par' dir='ltr' id='par_1_30' title="bbox 1035 947 1397 984">
     <span class='ocr_line' id='line_1_71' title="bbox 1035 947 1397 984; baseline 0.003 -10"><span class='ocrx_word' id='word_1_434' title='bbox 1035 947 1175 984; x_wconf 69' lang='lat' dir='ltr'>Eutychis</span> <span class='ocrx_word' id='word_1_435' title='bbox 1196 955 1276 975; x_wconf 89' lang='lat' dir='ltr'>error</span> <span class='ocrx_word' id='word_1_436' title='bbox 1296 956 1325 984; x_wconf 92' lang='lat' dir='ltr'>p.</span> <span class='ocrx_word' id='word_1_437' title='bbox 1349 951 1397 975; x_wconf 76' lang='lat'>54.</span> 
     </span>
    </p>

    <p class='ocr_par' dir='ltr' id='par_1_31' title="bbox 1034 995 1862 1179">
     <span class='ocr_line' id='line_1_72' title="bbox 1034 995 1862 1035; baseline 0.002 -11"><span class='ocrx_word' id='word_1_438' title='bbox 1034 995 1192 1033; x_wconf 81' lang='lat' dir='ltr'>Evangelia</span> <span class='ocrx_word' id='word_1_439' title='bbox 1204 996 1409 1034; x_wconf 77' lang='lat' dir='ltr'>calligraphica</span> <span class='ocrx_word' id='word_1_440' title='bbox 1429 999 1458 1024; x_wconf 84' lang='lat' dir='ltr'>et</span> <span class='ocrx_word' id='word_1_441' title='bbox 1474 998 1606 1033; x_wconf 84' lang='lat' dir='ltr'>pretiosis</span> <span class='ocrx_word' id='word_1_442' title='bbox 1616 998 1791 1035; x_wconf 75' lang='lat' dir='ltr'>imaginibus</span> <span class='ocrx_word' id='word_1_443' title='bbox 1806 1006 1862 1034; x_wconf 88' lang='lat' dir='ltr'>qua</span> 
     </span>
     <span class='ocr_line' id='line_1_73' title="bbox 1093 1045 1861 1082; baseline 0.003 -9"><span class='ocrx_word' id='word_1_444' title='bbox 1093 1046 1176 1081; x_wconf 87' lang='lat' dir='ltr'>pictis</span> <span class='ocrx_word' id='word_1_445' title='bbox 1198 1053 1255 1081; x_wconf 89' lang='lat' dir='ltr'>qua</span> <span class='ocrx_word' id='word_1_446' title='bbox 1276 1045 1351 1073; x_wconf 82' lang='lat' dir='ltr'>fictis</span> <span class='ocrx_word' id='word_1_447' title='bbox 1364 1047 1549 1081; x_wconf 68' lang='lat' dir='ltr'>ornatissima</span> <span class='ocrx_word' id='word_1_448' title='bbox 1567 1054 1596 1082; x_wconf 89' lang='lat' dir='ltr'>p.</span> <span class='ocrx_word' id='word_1_449' title='bbox 1619 1050 1688 1074; x_wconf 87' lang='lat'><strong>231.</strong></span> <span class='ocrx_word' id='word_1_450' title='bbox 1704 1050 1772 1074; x_wconf 81' lang='lat'><strong>232.</strong></span> <span class='ocrx_word' id='word_1_451' title='bbox 1793 1046 1861 1082; x_wconf 78' lang='lat' dir='ltr'>(Cu-</span> 
     </span>
     <span class='ocr_line' id='line_1_74' title="bbox 1093 1094 1861 1131; baseline 0.003 -10"><span class='ocrx_word' id='word_1_452' title='bbox 1093 1094 1216 1121; x_wconf 90' lang='lat' dir='ltr'>iusmodi</span> <span class='ocrx_word' id='word_1_453' title='bbox 1242 1095 1375 1122; x_wconf 63' lang='lat' dir='ltr'>visuntur</span> <span class='ocrx_word' id='word_1_454' title='bbox 1403 1094 1518 1131; x_wconf 87' lang='lat' dir='ltr'>adhue,</span> <span class='ocrx_word' id='word_1_455' title='bbox 1543 1098 1614 1131; x_wconf 87' lang='lat' dir='ltr'>puta</span> <span class='ocrx_word' id='word_1_456' title='bbox 1633 1096 1664 1122; x_wconf 90' lang='lat' dir='ltr'>in</span> <span class='ocrx_word' id='word_1_457' title='bbox 1685 1094 1861 1124; x_wconf 82' lang='lat' dir='ltr'>bibliotheca</span> 
     </span>
     <span class='ocr_line' id='line_1_75' title="bbox 1092 1142 1639 1179; baseline 0.004 -10"><span class='ocrx_word' id='word_1_458' title='bbox 1092 1143 1246 1179; x_wconf 79' lang='lat' dir='ltr'>vaticana,</span> <span class='ocrx_word' id='word_1_459' title='bbox 1265 1146 1293 1170; x_wconf 87' lang='lat' dir='ltr'>et</span> <span class='ocrx_word' id='word_1_460' title='bbox 1313 1142 1343 1171; x_wconf 90' lang='lat' dir='ltr'>S.</span> <span class='ocrx_word' id='word_1_461' title='bbox 1364 1142 1457 1170; x_wconf 90' lang='lat' dir='ltr'>Marci</span> <span class='ocrx_word' id='word_1_462' title='bbox 1482 1142 1639 1179; x_wconf 78' lang='lat' dir='ltr'>Venetiis.)</span> 
     </span>
    </p>

    <p class='ocr_par' dir='ltr' id='par_1_32' title="bbox 1090 1190 1858 1277">
     <span class='ocr_line' id='line_1_76' title="bbox 1090 1190 1858 1229; baseline 0.003 -12"><span class='ocrx_word' id='word_1_463' title='bbox 1090 1190 1240 1228; x_wconf 84' lang='lat' dir='ltr'>Evangelii</span> <span class='ocrx_word' id='word_1_464' title='bbox 1260 1190 1331 1219; x_wconf 90' lang='lat' dir='ltr'>liber</span> <span class='ocrx_word' id='word_1_465' title='bbox 1353 1191 1463 1227; x_wconf 88' lang='lat' dir='ltr'>imponi</span> <span class='ocrx_word' id='word_1_466' title='bbox 1481 1191 1582 1220; x_wconf 83' lang='lat' dir='ltr'>solitus</span> <span class='ocrx_word' id='word_1_467' title='bbox 1605 1192 1711 1220; x_wconf 88' lang='lat' dir='ltr'>cervici</span> <span class='ocrx_word' id='word_1_468' title='bbox 1732 1193 1858 1229; x_wconf 86' lang='lat' dir='ltr'>episcopi</span> 
     </span>
     <span class='ocr_line' id='line_1_77' title="bbox 1091 1239 1417 1277; baseline 0 -9"><span class='ocrx_word' id='word_1_469' title='bbox 1091 1239 1275 1268; x_wconf 85' lang='lat' dir='ltr'>consecrandi</span> <span class='ocrx_word' id='word_1_470' title='bbox 1291 1248 1321 1277; x_wconf 89' lang='lat' dir='ltr'>p.</span> <span class='ocrx_word' id='word_1_471' title='bbox 1351 1244 1417 1268; x_wconf 83' lang='grc'><strong>172.</strong></span> 
     </span>
    </p>
   </div>
   <div class='ocr_carea' id='block_1_9' title="bbox 1430 1313 1453 1341">
    <p class='ocr_par' dir='ltr' id='par_1_33' title="bbox 1430 1313 1453 1341">
     <span class='ocr_line' id='line_1_78' title="bbox 1430 1313 1453 1341; baseline 0 0"><span class='ocrx_word' id='word_1_472' title='bbox 1430 1313 1453 1341; x_wconf 82' lang='lat' dir='ltr'>F</span> 
     </span>
    </p>
   </div>
   <div class='ocr_carea' id='block_1_10' title="bbox 1021 1388 1854 1959">
    <p class='ocr_par' dir='ltr' id='par_1_34' title="bbox 1028 1388 1667 1426">
     <span class='ocr_line' id='line_1_79' title="bbox 1028 1388 1667 1426; baseline 0.003 -10"><span class='ocrx_word' id='word_1_473' title='bbox 1028 1388 1131 1416; x_wconf 88' lang='lat' dir='ltr'>Fames</span> <span class='ocrx_word' id='word_1_474' title='bbox 1148 1390 1250 1425; x_wconf 78' lang='lat' dir='ltr'>ingens</span> <span class='ocrx_word' id='word_1_475' title='bbox 1269 1388 1322 1416; x_wconf 90' lang='lat' dir='ltr'>snb</span> <span class='ocrx_word' id='word_1_476' title='bbox 1343 1388 1526 1426; x_wconf 72' lang='lat' dir='ltr'>Copronymo</span> <span class='ocrx_word' id='word_1_477' title='bbox 1548 1398 1577 1426; x_wconf 87' lang='lat' dir='ltr'>p.</span> <span class='ocrx_word' id='word_1_478' title='bbox 1602 1395 1667 1418; x_wconf 86' lang='lat'><strong>135.</strong></span> 
     </span>
    </p>

    <p class='ocr_par' dir='ltr' id='par_1_35' title="bbox 1027 1436 1854 1670">
     <span class='ocr_line' id='line_1_80' title="bbox 1027 1436 1852 1475; baseline 0.004 -11"><span class='ocrx_word' id='word_1_479' title='bbox 1027 1437 1108 1465; x_wconf 76' lang='lat' dir='ltr'>fidei</span> <span class='ocrx_word' id='word_1_480' title='bbox 1133 1436 1307 1465; x_wconf 87' lang='lat' dir='ltr'>christianae</span> <span class='ocrx_word' id='word_1_481' title='bbox 1331 1437 1394 1465; x_wconf 86' lang='lat' dir='ltr'>laus</span> <span class='ocrx_word' id='word_1_482' title='bbox 1420 1446 1451 1474; x_wconf 89' lang='lat' dir='ltr'>p.</span> <span class='ocrx_word' id='word_1_483' title='bbox 1475 1442 1542 1466; x_wconf 82' lang='lat'><strong>253.</strong></span> <span class='ocrx_word' id='word_1_484' title='bbox 1572 1438 1641 1467; x_wconf 76' lang='lat' dir='ltr'>EIus</span> <span class='ocrx_word' id='word_1_485' title='bbox 1664 1439 1764 1475; x_wconf 85' lang='lat' dir='ltr'>pulcra</span> <span class='ocrx_word' id='word_1_486' title='bbox 1785 1439 1852 1467; x_wconf 84' lang='lat' dir='ltr'>defi-</span> 
     </span>
     <span class='ocr_line' id='line_1_81' title="bbox 1086 1485 1854 1521; baseline 0.004 -9"><span class='ocrx_word' id='word_1_487' title='bbox 1086 1486 1157 1513; x_wconf 89' lang='lat' dir='ltr'>nitio</span> <span class='ocrx_word' id='word_1_488' title='bbox 1170 1506 1178 1521; x_wconf 90' lang='lat'>,</span> <span class='ocrx_word' id='word_1_489' title='bbox 1199 1493 1272 1521; x_wconf 85' lang='lat' dir='ltr'>quae</span> <span class='ocrx_word' id='word_1_490' title='bbox 1292 1485 1423 1513; x_wconf 81' lang='lat' dir='ltr'>videlicet</span> <span class='ocrx_word' id='word_1_491' title='bbox 1445 1485 1653 1514; x_wconf 83' lang='lat' dir='ltr'>dubitationem</span> <span class='ocrx_word' id='word_1_492' title='bbox 1673 1487 1784 1515; x_wconf 89' lang='lat' dir='ltr'>nullam</span> <span class='ocrx_word' id='word_1_493' title='bbox 1806 1487 1854 1515; x_wconf 86' lang='lat' dir='ltr'>ad-</span> 
     </span>
     <span class='ocr_line' id='line_1_82' title="bbox 1086 1534 1852 1573; baseline 0.004 -12"><span class='ocrx_word' id='word_1_494' title='bbox 1086 1535 1174 1562; x_wconf 83' lang='lat' dir='ltr'>mittit</span> <span class='ocrx_word' id='word_1_495' title='bbox 1189 1543 1218 1570; x_wconf 94' lang='lat' dir='ltr'>p.</span> <span class='ocrx_word' id='word_1_496' title='bbox 1244 1538 1291 1562; x_wconf 84' lang='lat'>86.</span> <span class='ocrx_word' id='word_1_497' title='bbox 1321 1538 1387 1561; x_wconf 89' lang='grc'><strong>145.</strong></span> <span class='ocrx_word' id='word_1_498' title='bbox 1412 1534 1503 1569; x_wconf 82' lang='lat' dir='ltr'>(Nam</span> <span class='ocrx_word' id='word_1_499' title='bbox 1527 1538 1555 1563; x_wconf 88' lang='lat' dir='ltr'>et</span> <span class='ocrx_word' id='word_1_500' title='bbox 1574 1535 1770 1573; x_wconf 76' lang='lat' dir='ltr'>Chrysologus</span> <span class='ocrx_word' id='word_1_501' title='bbox 1793 1544 1852 1564; x_wconf 87' lang='lat' dir='ltr'>ser·</span> 
     </span>
     <span class='ocr_line' id='line_1_83' title="bbox 1084 1582 1853 1620; baseline 0.004 -10"><span class='ocrx_word' id='word_1_502' title='bbox 1084 1590 1169 1611; x_wconf 89' lang='lat' dir='ltr'>mone</span> <span class='ocrx_word' id='word_1_503' title='bbox 1184 1583 1288 1610; x_wconf 89' lang='lat' dir='ltr'>LVIII:</span> <span class='ocrx_word' id='word_1_504' title='bbox 1305 1582 1588 1620; x_wconf 71' lang='lat' dir='ltr'>quifidem’quaerit</span> <span class='ocrx_word' id='word_1_505' title='bbox 1598 1605 1606 1619; x_wconf 88' lang='lat'>,</span> <span class='ocrx_word' id='word_1_506' title='bbox 1629 1585 1772 1613; x_wconf 71' lang='lat' dir='ltr'>rationem</span> <span class='ocrx_word' id='word_1_507' title='bbox 1796 1593 1853 1613; x_wconf 75' lang='lat' dir='ltr'>non</span> 
     </span>
     <span class='ocr_line' id='line_1_84' title="bbox 1083 1631 1850 1670; baseline 0.003 -11"><span class='ocrx_word' id='word_1_508' title='bbox 1083 1631 1226 1668; x_wconf 78' lang='lat' dir='ltr'>quaerit.)</span> <span class='ocrx_word' id='word_1_509' title='bbox 1241 1631 1309 1659; x_wconf 90' lang='lat' dir='ltr'>Eius</span> <span class='ocrx_word' id='word_1_510' title='bbox 1321 1632 1407 1668; x_wconf 87' lang='lat' dir='ltr'>plena</span> <span class='ocrx_word' id='word_1_511' title='bbox 1421 1632 1555 1660; x_wconf 87' lang='lat' dir='ltr'>scribitur</span> <span class='ocrx_word' id='word_1_512' title='bbox 1572 1633 1716 1661; x_wconf 77' lang='lat' dir='ltr'>confessio</span> <span class='ocrx_word' id='word_1_513' title='bbox 1729 1642 1760 1670; x_wconf 91' lang='lat' dir='ltr'>p.</span> <span class='ocrx_word' id='word_1_514' title='bbox 1784 1638 1850 1662; x_wconf 85' lang='lat'><strong>167.</strong></span> 
     </span>
    </p>

    <p class='ocr_par' dir='ltr' id='par_1_36' title="bbox 1023 1680 1850 1719">
     <span class='ocr_line' id='line_1_85' title="bbox 1023 1680 1850 1719; baseline 0.004 -12"><span class='ocrx_word' id='word_1_515' title='bbox 1023 1680 1103 1708; x_wconf 86' lang='lat' dir='ltr'>Fidei</span> <span class='ocrx_word' id='word_1_516' title='bbox 1114 1680 1253 1717; x_wconf 85' lang='lat' dir='ltr'>professio</span> <span class='ocrx_word' id='word_1_517' title='bbox 1267 1688 1283 1708; x_wconf 89' lang='lat' dir='ltr'>a</span> <span class='ocrx_word' id='word_1_518' title='bbox 1294 1681 1488 1709; x_wconf 85' lang='lat' dir='ltr'>consecrando</span> <span class='ocrx_word' id='word_1_519' title='bbox 1500 1682 1634 1718; x_wconf 88' lang='lat' dir='ltr'>episcopo</span> <span class='ocrx_word' id='word_1_520' title='bbox 1643 1682 1731 1710; x_wconf 88' lang='lat' dir='ltr'>fiebat</span> <span class='ocrx_word' id='word_1_521' title='bbox 1740 1691 1769 1719; x_wconf 91' lang='lat' dir='ltr'>p.</span> <span class='ocrx_word' id='word_1_522' title='bbox 1784 1687 1850 1710; x_wconf 79' lang='lat'><strong>154.</strong></span> 
     </span>
    </p>

    <p class='ocr_par' dir='ltr' id='par_1_37' title="bbox 1023 1728 1850 1815">
     <span class='ocr_line' id='line_1_86' title="bbox 1023 1728 1850 1767; baseline 0.004 -11"><span class='ocrx_word' id='word_1_523' title='bbox 1023 1728 1123 1757; x_wconf 87' lang='lat' dir='ltr'>Fidem</span> <span class='ocrx_word' id='word_1_524' title='bbox 1149 1732 1257 1757; x_wconf 88' lang='lat' dir='ltr'>rectam</span> <span class='ocrx_word' id='word_1_525' title='bbox 1280 1737 1339 1756; x_wconf 87' lang='lat' dir='ltr'>non</span> <span class='ocrx_word' id='word_1_526' title='bbox 1364 1729 1491 1757; x_wconf 88' lang='lat' dir='ltr'>humana</span> <span class='ocrx_word' id='word_1_527' title='bbox 1512 1732 1706 1767; x_wconf 84' lang='lat' dir='ltr'>prosperitas,</span> <span class='ocrx_word' id='word_1_528' title='bbox 1731 1731 1781 1759; x_wconf 84' lang='lat' dir='ltr'>sed</span> <span class='ocrx_word' id='word_1_529' title='bbox 1800 1731 1850 1759; x_wconf 88' lang='lat' dir='ltr'>do-</span> 
     </span>
     <span class='ocr_line' id='line_1_87' title="bbox 1083 1778 1774 1815; baseline 0.003 -10"><span class='ocrx_word' id='word_1_530' title='bbox 1083 1779 1177 1805; x_wconf 88' lang='lat' dir='ltr'>ctrina</span> <span class='ocrx_word' id='word_1_531' title='bbox 1194 1778 1351 1814; x_wconf 88' lang='lat' dir='ltr'>apostolica</span> <span class='ocrx_word' id='word_1_532' title='bbox 1372 1778 1541 1814; x_wconf 88' lang='lat' dir='ltr'>comprobat</span> <span class='ocrx_word' id='word_1_533' title='bbox 1560 1787 1589 1815; x_wconf 89' lang='lat' dir='ltr'>p.</span> <span class='ocrx_word' id='word_1_534' title='bbox 1617 1783 1682 1807; x_wconf 80' lang='lat'><strong>138.</strong></span> <span class='ocrx_word' id='word_1_535' title='bbox 1708 1783 1774 1807; x_wconf 86' lang='lat'><strong>139.</strong></span> 
     </span>
    </p>

    <p class='ocr_par' dir='ltr' id='par_1_38' title="bbox 1022 1826 1848 1911">
     <span class='ocr_line' id='line_1_88' title="bbox 1022 1826 1848 1865; baseline 0.002 -11"><span class='ocrx_word' id='word_1_536' title='bbox 1022 1826 1175 1855; x_wconf 85' lang='lat' dir='ltr'>Formulae</span> <span class='ocrx_word' id='word_1_537' title='bbox 1190 1826 1304 1854; x_wconf 82' lang='lat' dir='ltr'>cuidam</span> <span class='ocrx_word' id='word_1_538' title='bbox 1325 1826 1505 1855; x_wconf 84' lang='lat' dir='ltr'>subscribere</span> <span class='ocrx_word' id='word_1_539' title='bbox 1519 1827 1695 1856; x_wconf 77' lang='lat' dir='ltr'>orthodoxos</span> <span class='ocrx_word' id='word_1_540' title='bbox 1708 1828 1848 1865; x_wconf 85' lang='lat' dir='ltr'>cogebant</span> 
     </span>
     <span class='ocr_line' id='line_1_89' title="bbox 1081 1875 1408 1911; baseline -0.003 -8"><span class='ocrx_word' id='word_1_541' title='bbox 1081 1875 1265 1903; x_wconf 87' lang='lat' dir='ltr'>Iconomachi</span> <span class='ocrx_word' id='word_1_542' title='bbox 1286 1884 1315 1911; x_wconf 90' lang='lat' dir='ltr'>p.</span> <span class='ocrx_word' id='word_1_543' title='bbox 1343 1879 1408 1903; x_wconf 84' lang='lat'><strong>162.</strong></span> 
     </span>
    </p>

    <p class='ocr_par' dir='ltr' id='par_1_39' title="bbox 1021 1923 1556 1959">
     <span class='ocr_line' id='line_1_90' title="bbox 1021 1923 1556 1959; baseline 0 -8"><span class='ocrx_word' id='word_1_544' title='bbox 1021 1923 1142 1951; x_wconf 88' lang='lat' dir='ltr'>Fulmen</span> <span class='ocrx_word' id='word_1_545' title='bbox 1165 1923 1242 1952; x_wconf 84' lang='lat' dir='ltr'>Iovis</span> <span class='ocrx_word' id='word_1_546' title='bbox 1265 1923 1415 1952; x_wconf 84' lang='lat' dir='ltr'>adoratum</span> <span class='ocrx_word' id='word_1_547' title='bbox 1435 1931 1464 1959; x_wconf 90' lang='lat' dir='ltr'>p.</span> <span class='ocrx_word' id='word_1_548' title='bbox 1490 1927 1556 1951; x_wconf 84' lang='lat'><strong>195.</strong></span> 
     </span>
    </p>
   </div>
   <div class='ocr_carea' id='block_1_11' title="bbox 1421 1993 1446 2021">
    <p class='ocr_par' dir='ltr' id='par_1_40' title="bbox 1421 1993 1446 2021">
     <span class='ocr_line' id='line_1_91' title="bbox 1421 1993 1446 2021; baseline 0 0"><span class='ocrx_word' id='word_1_549' title='bbox 1421 1993 1446 2021; x_wconf 90' lang='lat' dir='ltr'>G</span> 
     </span>
    </p>
   </div>
   <div class='ocr_carea' id='block_1_12' title="bbox 1012 2069 1861 2594">
    <p class='ocr_par' dir='ltr' id='par_1_41' title="bbox 1040 2069 1861 2108">
     <span class='ocr_line' id='line_1_92' title="bbox 1040 2069 1861 2108; baseline -0.002 -8"><span class='ocrx_word' id='word_1_550' title='bbox 1040 2071 1155 2108; x_wconf 77' lang='lat' dir='ltr'>Georgii</span> <span class='ocrx_word' id='word_1_551' title='bbox 1174 2071 1334 2099; x_wconf 81' lang='lat' dir='ltr'>Ilamartoli</span> <span class='ocrx_word' id='word_1_552' title='bbox 1350 2070 1513 2107; x_wconf 86' lang='lat' dir='ltr'>fragmenta</span> <span class='ocrx_word' id='word_1_553' title='bbox 1525 2070 1582 2098; x_wconf 90' lang='lat' dir='ltr'>duo</span> <span class='ocrx_word' id='word_1_554' title='bbox 1602 2078 1637 2098; x_wconf 82' lang='lat' dir='ltr'>ex</span> <span class='ocrx_word' id='word_1_555' title='bbox 1650 2071 1710 2098; x_wconf 88' lang='lat' dir='ltr'>eius</span> <span class='ocrx_word' id='word_1_556' title='bbox 1725 2069 1861 2098; x_wconf 86' lang='lat' dir='ltr'>chronico</span> 
     </span>
    </p>

    <p class='ocr_par' dir='ltr' id='par_1_42' title="bbox 1078 2120 1446 2157">
     <span class='ocr_line' id='line_1_93' title="bbox 1078 2120 1446 2157; baseline -0.005 -8"><span class='ocrx_word' id='word_1_557' title='bbox 1078 2129 1133 2149; x_wconf 88' lang='lat' dir='ltr'>ms.</span> <span class='ocrx_word' id='word_1_558' title='bbox 1158 2129 1186 2157; x_wconf 85' lang='lat' dir='ltr'>p.</span> <span class='ocrx_word' id='word_1_559' title='bbox 1207 2124 1273 2148; x_wconf 79' lang='grc'><strong>141.</strong></span> <span class='ocrx_word' id='word_1_560' title='bbox 1295 2124 1359 2148; x_wconf 89' lang='grc'><strong>147.</strong></span> <span class='ocrx_word' id='word_1_561' title='bbox 1379 2120 1446 2148; x_wconf 87' lang='lat' dir='ltr'>adn.</span> 
     </span>
    </p>

    <p class='ocr_par' dir='ltr' id='par_1_43' title="bbox 1018 2168 1841 2253">
     <span class='ocr_line' id='line_1_94' title="bbox 1018 2168 1841 2206; baseline -0.002 -8"><span class='ocrx_word' id='word_1_562' title='bbox 1018 2170 1179 2198; x_wconf 86' lang='lat' dir='ltr'>Germanus</span> <span class='ocrx_word' id='word_1_563' title='bbox 1190 2170 1214 2198; x_wconf 95' lang='lat' dir='ltr'>I.</span> <span class='ocrx_word' id='word_1_564' title='bbox 1232 2170 1397 2206; x_wconf 85' lang='lat' dir='ltr'>patriarcha</span> <span class='ocrx_word' id='word_1_565' title='bbox 1409 2168 1738 2204; x_wconf 83' lang='lat' dir='ltr'>constantinopolitanus</span> <span class='ocrx_word' id='word_1_566' title='bbox 1753 2169 1841 2205; x_wconf 89' lang='lat' dir='ltr'>depo-</span> 
     </span>
     <span class='ocr_line' id='line_1_95' title="bbox 1077 2217 1714 2253; baseline -0.002 -7"><span class='ocrx_word' id='word_1_567' title='bbox 1077 2220 1148 2247; x_wconf 81' lang='lat' dir='ltr'>situs</span> <span class='ocrx_word' id='word_1_568' title='bbox 1162 2226 1179 2246; x_wconf 88' lang='lat' dir='ltr'>a</span> <span class='ocrx_word' id='word_1_569' title='bbox 1193 2218 1288 2246; x_wconf 87' lang='lat' dir='ltr'>Leone</span> <span class='ocrx_word' id='word_1_570' title='bbox 1302 2219 1425 2246; x_wconf 87' lang='lat' dir='ltr'>isaurico</span> <span class='ocrx_word' id='word_1_571' title='bbox 1440 2217 1626 2245; x_wconf 87' lang='lat' dir='ltr'>iconomacho</span> <span class='ocrx_word' id='word_1_572' title='bbox 1642 2225 1670 2253; x_wconf 91' lang='lat' dir='ltr'>p.</span> <span class='ocrx_word' id='word_1_573' title='bbox 1687 2221 1714 2245; x_wconf 83' lang='lat'>3.</span> 
     </span>
    </p>

    <p class='ocr_par' dir='ltr' id='par_1_44' title="bbox 1017 2266 1840 2350">
     <span class='ocr_line' id='line_1_96' title="bbox 1017 2266 1840 2303; baseline -0.001 -8"><span class='ocrx_word' id='word_1_574' title='bbox 1017 2267 1185 2295; x_wconf 85' lang='lat' dir='ltr'>Glossarum</span> <span class='ocrx_word' id='word_1_575' title='bbox 1206 2270 1337 2294; x_wconf 90' lang='lat' dir='ltr'>veterum</span> <span class='ocrx_word' id='word_1_576' title='bbox 1350 2266 1387 2294; x_wconf 88' lang='lat' dir='ltr'>ad</span> <span class='ocrx_word' id='word_1_577' title='bbox 1399 2267 1490 2294; x_wconf 87' lang='lat' dir='ltr'>sancti</span> <span class='ocrx_word' id='word_1_578' title='bbox 1504 2266 1658 2302; x_wconf 74' lang='lat' dir='ltr'>Nicephori</span> <span class='ocrx_word' id='word_1_579' title='bbox 1675 2267 1765 2294; x_wconf 85' lang='lat' dir='ltr'>vitam</span> <span class='ocrx_word' id='word_1_580' title='bbox 1779 2274 1840 2303; x_wconf 89' lang='lat' dir='ltr'>spe-</span> 
     </span>
     <span class='ocr_line' id='line_1_97' title="bbox 1076 2314 1610 2350; baseline -0.002 -7"><span class='ocrx_word' id='word_1_581' title='bbox 1076 2316 1169 2343; x_wconf 89' lang='lat' dir='ltr'>cimen</span> <span class='ocrx_word' id='word_1_582' title='bbox 1190 2323 1226 2342; x_wconf 87' lang='lat' dir='ltr'>ex</span> <span class='ocrx_word' id='word_1_583' title='bbox 1248 2315 1345 2342; x_wconf 88' lang='lat' dir='ltr'>codice</span> <span class='ocrx_word' id='word_1_584' title='bbox 1367 2317 1427 2342; x_wconf 80' lang='lat' dir='ltr'>vat.</span> <span class='ocrx_word' id='word_1_585' title='bbox 1450 2323 1479 2350; x_wconf 88' lang='lat' dir='ltr'>p.</span> <span class='ocrx_word' id='word_1_586' title='bbox 1495 2319 1523 2342; x_wconf 91' lang='lat'>2.</span> <span class='ocrx_word' id='word_1_587' title='bbox 1542 2314 1610 2342; x_wconf 90' lang='lat' dir='ltr'>adn.</span> 
     </span>
    </p>

    <p class='ocr_par' dir='ltr' id='par_1_45' title="bbox 1015 2363 1832 2400">
     <span class='ocr_line' id='line_1_98' title="bbox 1015 2363 1832 2400; baseline -0.001 -8"><span class='ocrx_word' id='word_1_588' title='bbox 1015 2363 1131 2392; x_wconf 86' lang='lat' dir='ltr'>Gratiae</span> <span class='ocrx_word' id='word_1_589' title='bbox 1152 2363 1335 2400; x_wconf 86' lang='lat' dir='ltr'>evangelicae</span> <span class='ocrx_word' id='word_1_590' title='bbox 1356 2363 1400 2390; x_wconf 74' lang='lat' dir='ltr'>vis</span> <span class='ocrx_word' id='word_1_591' title='bbox 1422 2370 1489 2399; x_wconf 90' lang='lat' dir='ltr'>prae</span> <span class='ocrx_word' id='word_1_592' title='bbox 1504 2363 1565 2400; x_wconf 84' lang='lat' dir='ltr'>lege</span> <span class='ocrx_word' id='word_1_593' title='bbox 1579 2364 1705 2391; x_wconf 84' lang='lat' dir='ltr'>mosaica</span> <span class='ocrx_word' id='word_1_594' title='bbox 1716 2371 1746 2400; x_wconf 91' lang='lat' dir='ltr'>p.</span> <span class='ocrx_word' id='word_1_595' title='bbox 1765 2367 1832 2391; x_wconf 83' lang='lat'><strong>236.</strong></span> 
     </span>
    </p>

    <p class='ocr_par' dir='ltr' id='par_1_46' title="bbox 1015 2411 1549 2448">
     <span class='ocr_line' id='line_1_99' title="bbox 1015 2411 1549 2448; baseline 0.004 -11"><span class='ocrx_word' id='word_1_596' title='bbox 1015 2411 1118 2446; x_wconf 51' lang='lat' dir='ltr'>rga-412⁵</span> <span class='ocrx_word' id='word_1_597' title='bbox 1141 2411 1270 2448; x_wconf 76' lang='lat' dir='ltr'>sculpere</span> <span class='ocrx_word' id='word_1_598' title='bbox 1290 2420 1318 2448; x_wconf 91' lang='lat' dir='ltr'>p.</span> <span class='ocrx_word' id='word_1_599' title='bbox 1336 2415 1382 2439; x_wconf 86' lang='lat'>77.</span> <span class='ocrx_word' id='word_1_600' title='bbox 1400 2420 1465 2440; x_wconf 87' lang='lat' dir='ltr'>cum</span> <span class='ocrx_word' id='word_1_601' title='bbox 1481 2412 1549 2439; x_wconf 87' lang='lat' dir='ltr'>adn.</span> 
     </span>
    </p>

    <p class='ocr_par' dir='ltr' id='par_1_47' title="bbox 1014 2459 1834 2536">
     <span class='ocr_line' id='line_1_100' title="bbox 1014 2459 1834 2497; baseline 0 -10"><span class='ocrx_word' id='word_1_602' title='bbox 1014 2459 1168 2497; x_wconf 79' lang='lat' dir='ltr'>Gregorius</span> <span class='ocrx_word' id='word_1_603' title='bbox 1189 2461 1381 2488; x_wconf 84' lang='lat' dir='ltr'>nazianzenus</span> <span class='ocrx_word' id='word_1_604' title='bbox 1404 2462 1509 2489; x_wconf 86' lang='lat' dir='ltr'>citatur</span> <span class='ocrx_word' id='word_1_605' title='bbox 1521 2469 1551 2497; x_wconf 86' lang='lat' dir='ltr'>p.</span> <span class='ocrx_word' id='word_1_606' title='bbox 1570 2464 1617 2489; x_wconf 88' lang='grc'>79.</span> <span class='ocrx_word' id='word_1_607' title='bbox 1637 2465 1684 2489; x_wconf 81' lang='grc'>83.</span> <span class='ocrx_word' id='word_1_608' title='bbox 1700 2464 1749 2489; x_wconf 88' lang='grc'>95.</span> <span class='ocrx_word' id='word_1_609' title='bbox 1769 2465 1834 2489; x_wconf 91' lang='grc'><strong>100.</strong></span> 
     </span>
     <span class='ocr_line' id='line_1_101' title="bbox 1076 2512 1401 2536; baseline 0 0"><span class='ocrx_word' id='word_1_610' title='bbox 1076 2512 1401 2536; x_wconf 80' lang='lat'><strong>113.117.163.167.</strong></span> 
     </span>
    </p>

    <p class='ocr_par' dir='ltr' id='par_1_48' title="bbox 1012 2556 1577 2594">
     <span class='ocr_line' id='line_1_102' title="bbox 1012 2556 1577 2594; baseline 0 -9"><span class='ocrx_word' id='word_1_611' title='bbox 1012 2556 1168 2594; x_wconf 81' lang='lat' dir='ltr'>Gregorius</span> <span class='ocrx_word' id='word_1_612' title='bbox 1189 2565 1331 2594; x_wconf 72' lang='lat' dir='ltr'>nyssenus</span> <span class='ocrx_word' id='word_1_613' title='bbox 1353 2558 1457 2585; x_wconf 86' lang='lat' dir='ltr'>citatur</span> <span class='ocrx_word' id='word_1_614' title='bbox 1476 2566 1505 2593; x_wconf 90' lang='lat' dir='ltr'>p.</span> <span class='ocrx_word' id='word_1_615' title='bbox 1531 2561 1577 2585; x_wconf 79' lang='lat'>63.</span> 
     </span>
    </p>
   </div>
   <div class='ocr_carea' id='block_1_13' title="bbox 1407 2628 1433 2656">
    <p class='ocr_par' dir='ltr' id='par_1_49' title="bbox 1407 2628 1433 2656">
     <span class='ocr_line' id='line_1_103' title="bbox 1407 2628 1433 2656; baseline 0 0"><span class='ocrx_word' id='word_1_616' title='bbox 1407 2628 1433 2656; x_wconf 90' lang='lat' dir='ltr'>H</span> 
     </span>
    </p>
   </div>
   <div class='ocr_carea' id='block_1_14' title="bbox 1008 2702 1832 2878">
    <p class='ocr_par' dir='ltr' id='par_1_50' title="bbox 1010 2702 1832 2828">
     <span class='ocr_line' id='line_1_104' title="bbox 1010 2702 1831 2740; baseline -0.001 -9"><span class='ocrx_word' id='word_1_617' title='bbox 1010 2702 1148 2731; x_wconf 87' lang='lat' dir='ltr'>Hebraeis</span> <span class='ocrx_word' id='word_1_618' title='bbox 1168 2711 1253 2731; x_wconf 86' lang='lat' dir='ltr'>omne</span> <span class='ocrx_word' id='word_1_619' title='bbox 1273 2703 1478 2740; x_wconf 80' lang='lat' dir='ltr'>propemodum</span> <span class='ocrx_word' id='word_1_620' title='bbox 1505 2704 1691 2731; x_wconf 86' lang='lat' dir='ltr'>simulacrum</span> <span class='ocrx_word' id='word_1_621' title='bbox 1712 2702 1831 2731; x_wconf 89' lang='lat' dir='ltr'>interdi-</span> 
     </span>
     <span class='ocr_line' id='line_1_105' title="bbox 1068 2751 1832 2787; baseline 0.001 -9"><span class='ocrx_word' id='word_1_622' title='bbox 1068 2754 1148 2779; x_wconf 88' lang='lat' dir='ltr'>ctum</span> <span class='ocrx_word' id='word_1_623' title='bbox 1167 2760 1195 2787; x_wconf 89' lang='lat' dir='ltr'>p.</span> <span class='ocrx_word' id='word_1_624' title='bbox 1220 2756 1285 2780; x_wconf 83' lang='grc'><strong>114.</strong></span> <span class='ocrx_word' id='word_1_625' title='bbox 1315 2755 1378 2779; x_wconf 74' lang='grc'><strong>115.</strong></span> <span class='ocrx_word' id='word_1_626' title='bbox 1404 2752 1459 2779; x_wconf 65' lang='grc' dir='ltr'>(1ου</span> <span class='ocrx_word' id='word_1_627' title='bbox 1479 2761 1533 2779; x_wconf 82' lang='lat' dir='ltr'>nou</span> <span class='ocrx_word' id='word_1_628' title='bbox 1556 2754 1622 2779; x_wconf 86' lang='lat' dir='ltr'>item</span> <span class='ocrx_word' id='word_1_629' title='bbox 1644 2751 1807 2780; x_wconf 89' lang='lat' dir='ltr'>christianis</span> <span class='ocrx_word' id='word_1_630' title='bbox 1823 2772 1832 2787; x_wconf 86' lang='lat'>,</span> 
     </span>
     <span class='ocr_line' id='line_1_106' title="bbox 1070 2800 1186 2828; baseline 0 0"><span class='ocrx_word' id='word_1_631' title='bbox 1070 2800 1186 2828; x_wconf 87' lang='lat' dir='ltr'>ibidem.</span> 
     </span>
    </p>

    <p class='ocr_par' dir='ltr' id='par_1_51' title="bbox 1008 2849 1593 2878">
     <span class='ocr_line' id='line_1_107' title="bbox 1008 2849 1593 2878; baseline -0.003 0"><span class='ocrx_word' id='word_1_632' title='bbox 1008 2849 1152 2878; x_wconf 84' lang='lat' dir='ltr'>Haeretici</span> <span class='ocrx_word' id='word_1_633' title='bbox 1175 2851 1244 2878; x_wconf 71' lang='lat' dir='ltr'>varii</span> <span class='ocrx_word' id='word_1_634' title='bbox 1264 2851 1449 2878; x_wconf 73' lang='lat' dir='ltr'>nominantm·</span> <span class='ocrx_word' id='word_1_635' title='bbox 1488 2863 1500 2874; x_wconf 50' lang='lat'>1.</span> <span class='ocrx_word' id='word_1_636' title='bbox 1530 2853 1593 2876; x_wconf 72' lang='lat'><strong>170.</strong></span> 
     </span>
    </p>
   </div>
  </div>
 </body>
</html>
