2203 3331
209 357 214 361 ·
242 354 285 373 Lu(v
311 354 368 375 ΧΗ.
387 356 416 374 1:1-

202 716 209 722 ·
222 714 250 734 11.
262 714 316 736 cor.
331 714 411 737 vl.1t.

269 2343 307 2364 Gr.
322 2349 344 2369 p.
360 2345 396 2364 33.

229 2525 235 2530 -
251 2520 303 2547 Sap.
319 2521 359 2543 111.
373 2524 393 2542 ¹2.

462 224 526 256 176
1051 234 1078 258 s.
1106 236 1277 259 Niceruoiu
1303 234 1538 258 Aronocmiccs

457 288 562 322 stulte
596 296 739 335 putant,
762 288 831 322 iani
855 287 938 323 hinc
966 297 1133 337 poterunt
1163 290 1318 325 salsitatis
1348 290 1480 324 crimen
1511 288 1689 336 evangelio
1716 289 1782 338 ipsi
1809 290 2012 338 impingere.
2042 291 2133 326 Nam

459 347 597 383 Christo
619 348 761 383 dicente
783 350 799 368 *¹²
821 355 843 369 ‘²
868 363 938 383 non
960 351 1100 397 potestis
1122 351 1255 385 duobus
1277 349 1426 384 dominis
1456 349 1582 383 servire
1597 377 1604 391 ,
1627 348 1705 383 Deo
1732 358 1763 384 et
1790 349 2002 396 blamonaeg
2027 379 2049 394 „
2071 352 2128 386 isti

454 408 522 442 suis
544 409 767 455 opinionibus
789 410 1041 458 obsequentes,
1066 419 1232 457 cogentur
1263 410 1409 445 Christo
1436 418 1470 444 et
1498 409 1690 444 'Mamonae
1717 411 1766 457 (Ι)
1796 410 2031 445 Constantino
2059 425 2127 446 ser-

451 468 544 511 i‘ire,
567 483 672 504 unam
696 483 735 504 ex
756 469 913 512 duabus,
934 470 1027 505 velut,
1049 470 1074 504 ii
1096 471 1157 518 qui
1179 471 1467 518 hippocentauros
1492 478 1725 518 componunt,
1748 471 1968 506 efformantes
1988 471 2126 518 religio-

451 542 541 564 nem.
570 529 664 563 llaec
694 530 824 564 scilicet
851 539 1067 565 accusatores
1095 531 1282 566 hominum
1311 531 1410 565 laude
1439 530 1651 577 dignorum,
1680 531 1853 565 tenebrosi
1881 545 1996 566 coram
2022 532 2098 567 luce
2115 560 2123 573 ,

451 598 573 623 contra
603 589 808 637 sapientiam
830 591 952 633 rudes,
976 599 1155 625 creaturae
1180 591 1357 637 ingratae,
1380 590 1529 638 improbi
1556 589 1733 625 daemonis
1760 591 1941 638 plasmata,
1962 592 2046 626 haec
2074 592 2124 626 in-

450 663 554 697 quam
575 650 790 685 benefactori
811 651 1017 698 rependunt.
1042 649 1225 697 Congruet
1249 660 1341 685 certe
1366 651 1564 699 tempestive
1587 650 1672 692 illis,
1694 650 1789 698 quod
1812 651 1895 685 olim
1916 665 1933 685 a
1954 651 2123 685 divinitus

451 710 613 758 hiquente
640 710 756 757 lingna
778 710 831 745 illa
854 711 988 745 dictum
1010 710 1078 744 suit
1099 712 1124 744 *ἦ
1150 710 1241 745 Nam
1261 725 1315 745 res
1336 710 1612 745 inconciliabiles
1634 718 1666 745 et
1688 710 1996 758 incomparabiles,
2020 719 2053 745 et
2073 711 2123 744 in-

447 770 558 805 vicem
587 770 722 805 infinite
752 770 943 812 distantes,
966 778 1139 818 quantum
1166 770 1245 804 solis
1272 770 1359 804 radii
1387 784 1405 804 a
1434 771 1613 805 tenebrosa
1640 771 1865 805 subterranea
1892 770 2036 818 abysso,
2058 770 2121 804 etsi

449 830 519 865 leve
549 830 745 878 exemplum
774 838 845 872 est,
867 830 904 864 in
933 843 1047 864 unum
1076 844 1287 864 concurrere
1313 830 1518 866 existimant.

548 890 690 925 Deinde
718 904 840 924 rursus
867 890 1163 937 interrogantibus
1191 890 1291 924 nobis
1320 890 1576 938 respondeant,
1604 899 1726 926 utrum
1753 890 1891 926 divinae
1919 904 1953 925 se
1981 904 2121 925 mensae

444 951 578 985 adstare
601 959 743 998 putent,
767 950 988 984 immaculato
1011 950 1270 998 incruentoque
1292 950 1467 985 sacrificio
1490 964 1627 998 operam
1651 951 1774 986 dantes
1788 979 1796 994 ,
1817 965 1860 986 an
1882 965 2019 986 mensae
2040 951 2119 986 dae-

443 1025 607 1049 monum,
630 1011 689 1058 qui
712 1010 890 1045 nidoribus
913 1011 1169 1059 cruoribusque
1198 1010 1375 1057 gaudent?
1403 1010 1478 1046 Hoc
1504 1011 1598 1045 enim
1627 1012 1819 1046 sententiae
1849 1012 2024 1059 ipsorum,
2046 1012 2117 1046 sive

443 1080 482 1105 ut
510 1071 614 1115 magis
642 1070 777 1118 proprie
806 1070 985 1112 dicamus,
1007 1070 1175 1105 stultitiae
1206 1079 1498 1113 consectaneum,
1520 1071 1720 1107 discernere
1750 1080 1906 1119 oportet,
1929 1080 2050 1106 utrum
2070 1086 2118 1106 sa-

440 1132 508 1165 cris
539 1130 671 1177 templis
701 1144 744 1164 an
776 1130 944 1165 idolorum
973 1130 1042 1165 aris
1069 1131 1236 1166 interesse
1264 1131 1504 1166 arbitrentur?
1532 1131 1659 1166 Pareat
1685 1146 1768 1166 sane
1796 1132 1894 1166 nobis
1915 1131 2033 1174 Deus,
2056 1132 2117 1180 qui

439 1191 523 1226 duni
545 1191 683 1225 illorum
705 1204 807 1238 opera
829 1191 1030 1237 arguimus,
1053 1191 1281 1226 involuntarii
1308 1191 1450 1226 illorum
1471 1191 1620 1238 sulIgIne
1642 1192 1874 1227 sordidamur.
1902 1192 2014 1240 Atqui
2037 1192 2117 1239 ipsis

438 1251 619 1299 quodnam
646 1259 801 1299 superest
830 1251 1045 1286 defensionis
1074 1252 1210 1298 genus?
1236 1252 1321 1299 quid
1351 1261 1470 1286 contra
1498 1252 1618 1286 dicent
1639 1252 1676 1286 hi
1695 1252 1755 1300 qui
1776 1252 1867 1287 haud
1892 1252 2116 1287 cohaerentia

438 1311 606 1353 miscent,
629 1311 689 1359 qui
718 1311 836 1346 lucem
863 1326 923 1359 pro
953 1312 1128 1354 tenebris,
1151 1326 1211 1360 pro
1239 1312 1318 1347 luce
1348 1313 1507 1347 tenebras
1534 1321 1695 1360 ponunt,
1717 1326 1865 1360 quarum
1887 1326 2001 1347 rerum
2025 1326 2116 1346 eom-

438 1372 558 1405 munio
588 1386 655 1405 nec
684 1372 757 1406 lieri
785 1386 850 1406 nec
881 1372 1023 1418 cogitari
1051 1373 1188 1420 potest?
1216 1372 1308 1408 Nam
1332 1371 1465 1407 Christi
1493 1373 1700 1407 famulatum
1724 1381 1756 1407 et
1782 1372 1915 1407 cultum
1943 1372 2114 1419 simulque

436 1431 659 1478 impurorum
687 1431 899 1466 daemonum
929 1432 1114 1467 consistere
1142 1446 1260 1479 posse,
1288 1432 1364 1480 quis
1392 1446 1474 1467 sana
1501 1441 1621 1467 mente
1650 1432 1825 1480 praeditus
1854 1432 1971 1466 dicere
1998 1431 2116 1466 ausit?

438 1490 531 1524 Nam
562 1491 724 1525 tenebrae
754 1491 872 1526 solaris
893 1492 983 1526 lucis
1004 1492 1237 1540 praesentiam
1258 1506 1328 1526 non
1353 1492 1550 1540 patiuntur.
1576 1491 1713 1526 Verum
1740 1492 1816 1525 heic
1845 1491 1947 1526 etiam
1975 1491 2114 1526 illorum

436 1551 596 1598 impietas
624 1552 933 1587 animadvertatur.
962 1551 1005 1586 In
1032 1565 1208 1586 sacrarum
1234 1552 1375 1587 aedium
1399 1552 1686 1586 dedicationibus
1714 1560 1747 1586 et
1774 1552 1970 1593 encaeniis,
1992 1566 2113 1599 preces

436 1610 514 1645 Deo
542 1626 559 1646 a
588 1612 865 1646 ministrantibus
895 1612 966 1646 illic
994 1612 1234 1646 sacerdotibus
1263 1612 1606 1659 supplicationesque
1635 1612 1746 1653 fiunt,
1772 1611 1904 1658 quibus
1929 1612 2114 1659 postulant

434 1672 696 1706 sanctissimum
719 1671 891 1719 Spiritum
919 1671 1006 1705 mitti
1035 1671 1076 1705 ad
1106 1671 1276 1719 templum
1304 1671 1602 1706 sanctificandum
1629 1679 1840 1719 aeternaque
1862 1671 1942 1706 luce
1968 1671 2114 1718 implen-

434 1730 541 1767 dum:
565 1740 670 1779 atque
700 1739 740 1766 nt
767 1731 825 1766 ille
855 1731 920 1765 sibi
947 1731 1013 1765 hoe
1043 1731 1211 1779 templum
1238 1731 1281 1765 ad
1310 1731 1547 1766 habitaculum
1576 1730 1701 1777 deligat
1727 1731 1927 1779 gloriaeque
1957 1731 2113 1766 taberna-

435 1791 576 1833 culum,
598 1791 725 1826 divinis
746 1791 896 1839 denique
921 1791 1177 1826 charismatibus
1198 1799 1320 1833 ornet,
1343 1791 1514 1826 malorum
1535 1790 1730 1825 remedium
1755 1791 1903 1833 efficiat,
1924 1791 2110 1826 daemones

432 1850 514 1885 hinc
536 1852 701 1899 expellat,
720 1860 880 1886 sanctum
899 1860 1100 1886 sanctorum
1121 1865 1190 1886 esse
1214 1851 1410 1886 constituat.
1431 1850 1529 1896 Quas
1547 1851 1638 1886 inter
1655 1864 1775 1899 preces
1791 1851 1911 1886 divino
1930 1860 2111 1898 unguento

433 1911 468 1945 in
486 1912 666 1946 nonnullis
684 1912 804 1960 templi
821 1912 905 1947 locis
928 1912 968 1946 fit
990 1911 1111 1947 unctio
1123 1940 1131 1954 ,
1149 1920 1183 1946 et
1200 1925 1377 1946 sacrarum
1395 1919 1667 1959 sanctarumque
1685 1910 1914 1958 reliquiarum
1932 1911 2110 1959 repositio.

432 1971 531 2006 Num
559 1987 636 2019 ergo
664 1973 756 2020 paria
783 1973 837 2007 liis
864 1987 883 2007 a
912 1972 1108 2007 contrariae
1136 1973 1244 2020 partis
1271 1971 1473 2007 hominibus
1502 1986 1542 2006 ex
1570 1972 1626 2006 sui
1651 1971 1822 2018 dogmatis
1849 1985 1969 2006 norma
1995 1972 2110 2007 flunt?

432 2032 528 2067 Num
555 2048 642 2082 quae
670 2034 747 2068 heic
769 2047 864 2068 sacra
886 2034 989 2068 verba
1011 2033 1203 2075 dicuntur,
1226 2042 1260 2068 ct
1287 2047 1373 2080 quae
1396 2033 1437 2067 ab
1459 2032 1543 2080 ipsis
1569 2041 1792 2067 monstruose
1818 2041 2108 2076 murmurantur,

433 2106 583 2128 consona
610 2094 762 2128 invicem
791 2102 823 2128 et
853 2102 1082 2128 consentanea
1109 2094 1216 2128 sunt?
1245 2092 1376 2140 Ecquis
1406 2101 1455 2127 est
1486 2093 1531 2127 ita
1558 2092 1687 2127 stultus
1710 2101 1743 2127 et
1764 2101 1882 2127 mente
1907 2101 2047 2140 captus,
2069 2102 2108 2127 ut

433 2154 577 2188 eandem
605 2154 725 2189 aedem
745 2163 779 2189 ct
799 2153 959 2201 fugandis
987 2153 1213 2188 daemonibus
1241 2162 1357 2201 aptam
1385 2153 1477 2187 dieat
1493 2182 1500 2196 ‚
1522 2161 1555 2188 e't
1577 2152 1682 2188 SImul
1702 2152 1851 2201 hospitio
1871 2153 2080 2201 recipiendis
2090 2155 2107 2189 '2‘

433 2212 591 2248 Eandem
611 2223 784 2257 sanctam,
804 2222 837 2249 et
861 2213 1114 2249 execrabilem?
1135 2213 1294 2248 divinum
1317 2213 1489 2261 Spiritum
1513 2213 1561 2247 ibi
1583 2213 1813 2255 obumbrare,
1834 2221 1869 2247 et
1892 2213 2107 2248 contrarium

433 2274 535 2309 simul
560 2276 741 2311 residere?
764 2276 859 2324 quod
887 2290 1003 2324 reapse
1031 2277 1072 2310 ab
1099 2275 1150 2310 his
1178 2289 1296 2310 omnes
1324 2275 1498 2309 amentiae
1519 2274 1747 2322 vesaniaeque
1769 2274 1858 2309 fines
1880 2282 2107 2322 praetergres-

432 2334 476 2368 sis
505 2336 667 2370 creditur.
697 2336 771 2381 Qui
798 2337 974 2384 profecto,
995 2350 1038 2370 ne
1060 2336 1123 2370 ista
1145 2335 1288 2384 quidem
1314 2335 1492 2382 impietate
1516 2343 1618 2369 tenus
1642 2333 1859 2376 consistunt,
1882 2334 1941 2369 sed
1968 2342 2106 2369 sancto-

431 2408 510 2429 rnm
538 2396 639 2430 etiam
669 2396 802 2431 Christi
823 2397 1028 2431 athletarum
1043 2425 1051 2439 ,
1072 2396 1133 2444 qui
1154 2409 1266 2443 usque
1289 2395 1331 2430 ad
1353 2395 1562 2442 sanguinem
1582 2394 1867 2437 decertaverunt,
1890 2403 2027 2429 sanctas
2056 2408 2106 2429 sa-

432 2469 576 2503 crasque
601 2456 764 2503 reliquias
786 2457 821 2490 in
844 2457 1052 2491 consecratis
1073 2457 1237 2491 altaribus
1259 2470 1430 2503 reponere
1450 2462 1676 2490 recusarunt:
1698 2468 1850 2502 quorum
1871 2455 1975 2488 etiam
1997 2455 2105 2489 inter-

432 2515 625 2549 cessionem
653 2515 829 2562 despuunt
859 2525 893 2551 et
914 2517 1098 2558 abnuunt,
1121 2531 1162 2551 ex
1184 2516 1238 2551 sui
1263 2516 1432 2550 nimirum
1460 2514 1630 2561 dogmatis
1656 2514 1813 2548 doctrina
1840 2514 2038 2549 huiusmodi
2067 2517 2104 2551 ³²:

431 2581 453 2595 “
484 2575 547 2609 visi
577 2584 658 2609 sunt
687 2576 783 2609 enim
811 2577 920 2611 oeulis
950 2576 1190 2625 insipientium
1219 2576 1335 2618 mori,
1364 2585 1397 2610 et
1426 2575 1603 2610 aestimata
1633 2583 1683 2608 est
1717 2574 1860 2608 afflictio
1890 2575 2002 2610 exitus
2033 2575 2103 2609 illo—

434 2664 457 2677 „
486 2649 587 2678 rum,
616 2644 650 2669 et
676 2636 840 2671 discessio
870 2651 888 2671 a
916 2638 1013 2672 nobis
1047 2637 1303 2672 exterminium.
1331 2636 1379 2670 At
1405 2636 1501 2669 enim
1533 2635 1583 2668 illi
1615 2643 1698 2669 sunt
1726 2634 1762 2667 in
1797 2648 1891 2683 pace.
1923 2664 1946 2677 ,‚
1975 2636 2102 2684 Itaque

430 2695 464 2729 in
494 2696 558 2730 hoc
586 2695 750 2730 universo
772 2696 894 2742 agendi
918 2711 1045 2743 genere
1074 2697 1230 2732 infelices
1255 2697 1315 2731 hos
1342 2709 1432 2730 vano
1461 2708 1578 2730 errore
1604 2694 1777 2737 laborare,
1799 2694 1984 2730 manifeste
2012 2708 2102 2730 eom-

431 2764 568 2803 pertum
597 2765 657 2791 est.

508 2892 542 2922 (1)
561 2890 659 2918 Confer
677 2891 705 2918 in
724 2891 884 2926 eucliologio
905 2900 929 2926 p.
951 2895 1010 2919 369.
1032 2892 1065 2920 de
1084 2893 1213 2920 ecclesiae
1231 2892 1369 2920 encaeniis
1388 2898 1494 2927 preces,
1515 2898 1585 2925 quae
1604 2894 1696 2917 tamen
1717 2890 1831 2917 variant.
