2203 3331
679 193 742 216 rao
768 191 896 216 saxeus
922 191 1123 214 nmerxmrs.
1674 183 1743 218 223

63 265 162 287 mens
183 249 340 292 vacillat,
359 248 539 296 multaque
558 247 782 297 perplexitate
805 248 955 289 laborat,
976 255 1184 294 mutumque
1203 247 1319 294 potius
1341 248 1522 285 silentium
1542 258 1742 298 praeoptat,

63 313 145 362 quia
175 312 217 347 ad
246 309 522 346 inextricabilem
550 309 755 345 divinorum
782 309 1001 344 iudiciorum
1027 307 1265 355 labyrinthum
1299 309 1449 346 devenit.
1478 310 1637 346 Unicum
1664 325 1743 346 vcro
1786 336 1789 337 ν

62 371 278 421 perplexitati
307 384 389 405 suae
418 370 555 411 exitum
579 370 732 418 reperit,
754 378 795 405 ut
819 382 946 417 nempe
973 381 1054 403 cum
1082 367 1315 402 ineffabilium
1339 383 1458 405 rerum
1488 380 1680 419 spectatore
1709 381 1744 407 et

62 443 172 483 mysta
197 433 293 468 dicat
315 433 351 468 *z
373 438 396 452 “
421 445 440 465 o
461 431 610 466 altitudo
633 430 835 466 divitiarum
857 438 891 464 et
912 428 1104 477 sapientiae
1130 437 1162 462 et
1183 428 1352 463 scientiae
1374 426 1461 466 Dei!
1485 445 1590 480 quam
1610 433 1744 468 inscru-

117 493 234 529 tabilia
257 501 343 528 sunt
366 492 499 527 iudicia
522 492 619 535 cius,
643 500 678 526 et
701 490 954 538 investigabiles
979 490 1050 524 viae
1077 489 1171 524 eius!
1196 517 1218 532 „

166 555 223 590 53.
253 552 349 588 Haec
374 553 475 587 nobis
500 552 665 587 Sei-vator
689 566 750 600 per
774 551 927 586 divinam
951 549 1041 584 sacri
1064 549 1189 584 lavacri
1213 549 1475 595 generationem
1501 551 1643 598 largitus
1669 562 1742 595 est,

62 522 87 537 59

61 617 95 651 in
122 629 192 664 quo
218 615 322 663 plena
350 615 510 663 purgatio
538 613 770 662 lustratioque
797 613 995 648 animarum
1022 612 1080 655 fit,
1104 620 1138 646 et
1162 625 1180 646 a
1209 611 1360 659 peccatis
1384 611 1552 649 liberatio.
1582 614 1650 649 Has
1681 630 1742 662 ego

59 690 163 711 voces
193 676 333 724 plurimi
360 676 469 718 facio,
491 676 549 710 has
577 675 767 723 amplector
794 682 826 709 et
854 687 952 719 amog
979 673 1059 721 quia
1087 673 1172 707 mihi
1199 672 1302 707 dulce
1331 681 1384 707 est
1412 681 1515 720 atque
1546 675 1743 710 iucundum

60 738 119 771 has
147 745 267 772 mente
296 736 492 778 revolvere,
515 744 550 770 et
577 735 631 770 his
660 734 852 782 cogitandis
880 733 1060 769 alacritate
1089 733 1236 781 repleri,
1264 741 1297 767 ct
1324 733 1596 769 consolatorium
1624 750 1743 784 pecca-

60 806 179 833 torum
207 797 363 832 invenire
392 796 641 843 pharmacum,
663 803 698 830 et
722 795 765 830 ad
790 795 922 830 bonam
950 808 1047 843 spem
1075 794 1180 841 erigi,
1203 802 1236 828 ct
1262 793 1543 842 desperationem
1572 796 1742 839 abiicere,

59 858 201 906 Deique
229 857 487 904 benignitatem
509 870 548 891 ac
571 856 849 891 misericordiam
876 870 1095 903 cognoscere.
1122 854 1264 890 Etenim
1287 855 1501 890 delictorum
1528 856 1744 893 oblivionem

58 919 157 954 nobis
179 926 457 967 repraesentant,
477 926 510 952 et
526 917 789 953 misericordem
806 926 910 966 atque
931 917 1172 964 indulgentem
1192 916 1377 951 dominum
1397 925 1664 966 creatoremque
1687 919 1745 953 de-

58 988 275 1025 monstrantg
297 987 401 1027 atque
430 987 470 1014 ut
496 979 647 1014 breviter
675 979 812 1023 dicam,
835 979 956 1014 salutis
983 978 1085 1013 nobis
1112 978 1268 1013 datorem
1297 977 1445 1013 suadent
1473 992 1549 1013 esse
1579 987 1745 1014 nostrum

57 1040 295 1088 legislatorem.
317 1039 413 1075 Haec
437 1048 520 1075 sunt
542 1040 629 1087 legis
649 1049 788 1075 nostrae
812 1054 852 1075 ac
877 1040 1079 1088 legislatoris
1099 1047 1284 1087 praccepta
1309 1048 1341 1073 et
1366 1039 1559 1075 doctrinae.
1586 1039 1694 1086 Quod
1717 1041 1745 1075 si

57 1102 145 1136 forte
171 1110 312 1149 oportet
336 1101 474 1150 poetico
501 1115 606 1149 prope
635 1115 730 1137 more
759 1101 954 1137 orationem
981 1101 1137 1136 colorare
1165 1109 1199 1135 et
1221 1100 1411 1148 plurimum
1437 1100 1590 1143 variare,
1612 1101 1746 1136 multis-

56 1176 125 1210 que
148 1162 394 1210 deiloquorum
414 1162 570 1197 virorum
590 1176 712 1197 ornare
732 1162 897 1205 vocibus,
919 1161 1028 1197 veluti
1047 1161 1206 1210 pulcram
1226 1161 1458 1210 decoramque
1480 1160 1667 1208 imaginem
1690 1176 1746 1210 pe-

57 1223 215 1257 ritissimi
242 1227 396 1271 pictores
421 1223 583 1258 exhibere
610 1231 754 1266 curant,
776 1223 928 1258 materiis
953 1231 1128 1272 quantum
1150 1222 1224 1257 fieri
1250 1231 1363 1270 potest
1391 1222 1604 1270 splendidis,
1628 1223 1746 1257 colori—

56 1284 123 1318 bus
144 1283 344 1318 clarissimis
366 1283 504 1330 egregie
527 1283 682 1319 tabulam
700 1284 892 1318 animantes
905 1312 913 1326 ,
931 1292 1188 1331 venustantque
1212 1290 1245 1317 et
1266 1282 1475 1325 exhilarant,
1493 1291 1533 1317 ut
1551 1283 1744 1319 similitudo

57 1344 261 1379 accuratior
282 1345 359 1390 fiat3
385 1344 519 1379 etenim
539 1359 579 1379 ex
602 1345 813 1392 imaginibus
835 1345 1024 1393 archetypa
1047 1344 1146 1380 nobis
1168 1344 1422 1390 innotescuntg
1445 1344 1534 1379 alius
1555 1345 1671 1393 itaque
1694 1346 1745 1379 in-

55 1404 273 1452 spiratorum
296 1404 454 1439 virorum
477 1404 686 1448 advocetur,
708 1405 770 1453 qui
795 1405 984 1453 praedictis
1011 1418 1210 1440 consonans
1235 1405 1316 1447 siat,
1336 1404 1455 1439 veniat
1480 1404 1615 1440 scilicet
1639 1405 1674 1439 in
1698 1419 1746 1440 sa-

59 1478 159 1499 crum
185 1464 404 1500 deiferorum
431 1465 562 1500 horum
589 1474 750 1509 coetum,
775 1474 810 1501 et
836 1466 905 1501 hoc
933 1466 1094 1501 divinum
1121 1465 1271 1501 stadium
1298 1465 1540 1512 ingrediatur,
1568 1466 1744 1514 simulque

54 1539 204 1572 agonem
222 1534 382 1574 peragat,
404 1526 639 1574 conficiatque
658 1526 798 1574 pietatis
815 1526 961 1562 diaulon
981 1526 1039 1562 ille
1059 1527 1291 1575 mysticarum
1312 1526 1550 1575 mirarumque
1568 1526 1745 1562 visionum

59 1595 93 1620 et
117 1586 321 1621 caelestium
349 1595 562 1635 potestatum
589 1596 764 1635 spectator
784 1601 823 1622 ac
844 1596 975 1636 mysta,
998 1589 1128 1636 fiatque
1157 1587 1438 1623 additamentum
1465 1588 1508 1622 iis
1528 1602 1618 1636 quae
1642 1598 1745 1623 antea

57 1647 92 1680 in
120 1647 310 1695 sapientiae
333 1647 438 1682 domo
467 1647 641 1682 elaborata
663 1648 785 1691 suere,
809 1647 925 1696 deque
953 1649 1082 1684 horum
1109 1648 1396 1684 detestandorum
1420 1648 1597 1697 impietate
1621 1663 1661 1683 ac
1686 1664 1746 1684 nc-

55 1707 165 1755 quitia
195 1707 410 1756 triumphet,
432 1717 471 1743 ut
491 1722 537 1743 ne
559 1708 635 1757 ipse
655 1708 801 1757 quidem
821 1709 858 1744 in
879 1710 945 1744 hoc
967 1723 1062 1744 sacro
1090 1709 1234 1757 collegio
1259 1709 1477 1745 desideretur
1491 1739 1498 1753 ,
1521 1710 1628 1745 immo
1649 1710 1745 1746 adso-

55 1777 137 1811 net,
159 1769 294 1817 plectro
318 1768 426 1804 veluti
451 1778 554 1804 utens
582 1769 703 1805 divino
729 1769 888 1818 Spiritu,
914 1770 1064 1806 suaviter
1088 1771 1277 1806 admodum
1303 1771 1430 1806 ceteris
1454 1785 1572 1819 parem
1597 1771 1742 1818 gratiam

54 1830 186 1864 sortitis
207 1830 364 1872 vatibus,
386 1839 494 1879 atque
522 1830 614 1865 dieat
636 1832 664 1866 *ἦ
688 1837 711 1852 “
735 1830 830 1867 Haec
859 1831 907 1866 ait
930 1831 1124 1868 Dominus:
1151 1846 1232 1867 ecce
1253 1846 1315 1880 ego
1339 1832 1436 1880 capio
1459 1832 1656 1867 universam
1684 1833 1742 1867 do-

58 1918 81 1933 „
110 1903 209 1925 mum
230 1890 393 1925 Israhelis
419 1905 460 1926 ex
483 1891 602 1926 medio
624 1891 803 1938 gentium,
825 1892 868 1926 ad
890 1906 976 1941 quas
998 1901 1186 1936 venerant,
1209 1902 1243 1928 et
1265 1893 1483 1940 congregabo
1506 1907 1564 1928 eos
1590 1907 1631 1928 ex
1656 1907 1742 1928 cun-

58 1978 81 1993 „
112 1950 176 1985 ctis
197 1951 358 1986 finitimis
379 1951 551 2000 ipsorum,
572 1960 606 1986 et
624 1952 661 1986 in
683 1953 867 1999 regionem
886 1952 1047 1988 Israhelis
1067 1953 1256 1997 reducam,
1276 1954 1469 2002 faciamque
1492 1967 1549 1988 cos
1569 1954 1742 2002 populum

58 2039 81 2053 „
110 2011 147 2045 in
170 2019 258 2046 terra
278 2025 357 2047 mea
381 2021 417 2047 et
435 2012 474 2047 in
495 2013 676 2048 montibus
698 2013 872 2050 Israhelis.
897 2042 920 2057 „
942 2014 1046 2060 Quod
1068 2014 1186 2063 itaque
1209 2014 1312 2049 divus
1334 2014 1393 2050 hic
1413 2015 1599 2063 propheta,
1621 2015 1741 2050 divina

55 2080 234 2119 permotus
259 2073 388 2119 gratia,
411 2073 609 2109 communis
631 2074 744 2109 nostri
768 2075 954 2110 servatoris
978 2074 1113 2110 Christi
1133 2075 1386 2111 incarnationis
1406 2075 1459 2110 his
1481 2076 1594 2110 verbis
1615 2077 1743 2125 perspi-

56 2146 123 2167 cue
152 2134 358 2180 mysterium
386 2133 585 2178 describat,
606 2135 791 2170 neminem
818 2145 938 2171 mente
965 2137 1169 2184 praeditum
1197 2137 1499 2171 contradicturum
1523 2145 1618 2184 putO.
1650 2136 1743 2172 Con-

55 2193 191 2241 spirant
220 2194 317 2228 enim
345 2208 426 2229 cum
453 2195 771 2243 praecedentibus,
800 2211 917 2246 neque
946 2212 1032 2246 opus
1061 2198 1125 2233 erit
1153 2198 1261 2232 multa
1289 2197 1341 2232 rei
1367 2198 1563 2246 propositae
1592 2197 1743 2233 declara-

58 2255 152 2289 tione
183 2263 217 2290 et
246 2255 418 2291 continua
445 2270 506 2304 per
535 2258 808 2293 commentarios
837 2259 1077 2306 explanatione
1097 2287 1105 2302 ,
1134 2259 1216 2307 quia
1245 2258 1355 2293 multa
1381 2258 1448 2293 alia
1475 2258 1676 2294 huiusmodi
1703 2259 1740 2294 in

56 2315 299 2363 superioribus
323 2316 490 2351 diffusius
516 2318 673 2365 exposita
698 2327 788 2354 sunt.
820 2317 892 2354 Sed
916 2320 1000 2368 quia
1024 2320 1110 2354 haec
1136 2319 1336 2354 secundum
1360 2319 1571 2355 historicum
1598 2333 1742 2355 sensum

55 2384 218 2424 accepta,
243 2376 377 2411 carnali
398 2376 547 2412 Israheli
569 2387 797 2426 congruunt,
818 2380 928 2428 nequi
951 2382 1039 2415 forte
1061 2393 1208 2423 eorum,
1229 2379 1292 2428 qui
1313 2394 1414 2415 nunc
1436 2380 1595 2415 iudaicae
1617 2380 1741 2415 mentis

55 2437 252 2472 crassitiem
273 2437 507 2486 adoptarunt,
527 2438 692 2474 adversus
711 2440 889 2488 praedicta
908 2441 1134 2489 impudenter
1153 2455 1187 2475 se
1211 2441 1386 2483 attollant,
1407 2441 1513 2476 officii
1533 2441 1645 2476 nostri
1667 2454 1740 2476 esse

56 2497 311 2541 iudicavimus,
332 2499 477 2547 vestigia
503 2500 636 2549 ubique
659 2514 839 2536 sacrorum
863 2501 1030 2537 ecclesiae
1060 2502 1303 2549 magistrorum
1329 2502 1522 2545 calcantes,
1544 2511 1664 2537 contra
1692 2503 1743 2536 in-

55 2571 155 2592 sanas
179 2559 371 2608 stultasque
394 2560 601 2596 vecordium
625 2562 850 2610 quaestiones
876 2563 1057 2610 insurgere
1081 2577 1119 2598 ae
1148 2562 1286 2606 dicere,
1308 2563 1403 2611 quod
1431 2564 1514 2598 haec
1542 2563 1741 2598 umbratilia

53 2618 136 2666 ipsis
160 2627 194 2653 et
215 2621 408 2667 figuraliter
428 2622 561 2670 scripta
582 2622 729 2659 fuerint.
754 2622 917 2672 Namque
942 2632 973 2659 et
996 2624 1079 2672 ipsis
1102 2624 1242 2658 divinae
1265 2624 1504 2672 providentiae
1528 2639 1612 2660 cura
1633 2632 1741 2660 semet

54 2678 235 2716 revelabat.
263 2680 400 2730 Reapse
429 2692 547 2718 autem
574 2697 728 2732 vereque
752 2684 839 2720 haee
867 2685 904 2719 in
931 2684 1073 2719 salutari
1104 2684 1238 2719 Christi
1265 2685 1400 2720 domini
1427 2685 1469 2720 ad
1493 2700 1546 2720 res
1573 2686 1738 2720 humanas

54 2739 264 2776 demissione
288 2743 560 2792 complebantur.
585 2745 824 2782 Abundanter
849 2746 945 2782 enim
968 2746 1004 2782 in
1028 2761 1091 2782 nos
1117 2761 1197 2782 suae
1222 2761 1301 2795 erga
1323 2747 1488 2783 homines
1512 2745 1737 2793 benignitatis

54 2801 227 2836 scatebras
255 2804 388 2841 effudit.

158 2862 215 2908 54.
249 2864 480 2912 (Σοτιςνετςᾶνίῑ
503 2866 634 2916 quippe
657 2881 741 2911 nos,
763 2868 800 2904 id
826 2877 878 2904 est
903 2868 1182 2906 intellectualem
1203 2869 1411 2914 Israhelem,
1434 2878 1467 2905 ct
1495 2865 1734 2917 promissionis

1779 442 1788 452 ⁸
1806 443 1871 464 Rom.
1887 443 1924 464 xJ.
1940 446 1971 464 aa.

1779 808 1817 827 (ἰν.
1834 812 1856 833 p.
1871 810 1907 827 οι.

1804 1843 1813 1852 ’
1828 1841 1907 1862 Erech.

1776 1868 1889 1891 xxxvii.
1904 1871 1936 1889 ει.

1775 2760 1813 2781 Gr.
1826 2765 1848 2785 p.
1864 2762 1897 2780 922.
