2203 3331
360 206 404 239 30
917 215 944 239 s.
972 216 1143 240 sturmioni
1171 217 1425 241 ,inritauerint-s
1452 218 1474 241 1.

463 270 557 316 Quid
588 284 669 316 ergo
697 269 873 306 dicimus?
901 272 1036 320 Nempe
1065 282 1105 308 ut
1132 274 1262 322 ubique
1291 274 1397 308 sutilis
1425 274 1481 308 hie
1513 273 1690 320 theologus
1712 288 1730 309 a
1750 275 1897 312 veritate
1927 276 2032 314 (160Ιῖ-

361 341 440 372 mit,
464 331 508 365 ita
531 330 606 364 heic.
628 344 767 379 quoquc
797 332 974 367 manifeste
1000 333 1132 369 labitur.
1160 334 1283 380 Agesis
1306 335 1370 369 hoe
1395 335 1498 369 etiam
1523 334 1781 373 animadverte:
1803 337 1893 372 sicut
1915 338 1970 373 hie
1991 339 2031 373 in

358 392 594 439 superioribus
624 392 803 427 mendacio
832 393 1042 441 implicitus,
1065 403 1097 429 ct
1125 404 1242 429 eontra
1270 411 1304 430 se
1334 396 1446 443 ipsum
1473 395 1607 443 sapiens
1636 396 1769 439 aiebat,
1794 406 1832 433 ut
1858 400 1945 434 bene
1972 414 2028 434 res

357 466 390 486 st·
412 452 552 490 habeat,
577 466 664 500 epus
693 466 761 487 esse
790 454 936 500 liguram
966 455 1290 490 consubstantialem
1315 470 1388 490 esse
1413 457 1577 502 figurato,
1599 457 1756 491 nesciens
1784 459 1836 493 vel
1856 474 1927 494 non
1948 474 2027 495 con-

354 512 482 547 cedens
510 512 746 548 differentiam
769 513 803 547 in
826 514 924 561 ipsis,
947 515 1042 549 velut
1063 529 1180 564 neque
1208 517 1351 551 animati
1373 525 1405 551 et
1430 517 1629 559 inanimati,
1651 531 1766 565 neque
1793 520 1970 555 rationalis
1993 529 2027 555 et

356 573 585 616 irrationalis,
607 574 658 608 vel
680 574 827 610 aliarum
848 589 962 611 rerum
990 578 1090 625 plane
1117 580 1206 613 inter
1233 592 1268 611 se
1294 578 1539 612 distinctarum
1564 578 1794 612 diversitatem
1817 593 2025 627 agnoscen53

261 654 283 665 *f
308 658 316 661 -
356 648 396 668 ex
422 648 490 681 quo
521 634 728 669 sententiam
758 636 832 671 eius
860 645 1001 684 apparet
1029 638 1200 672 infirmam
1230 652 1303 673 esse
1334 647 1367 672 et
1396 638 1592 672 instabilem
1619 640 1656 683 *⁴¹3
1684 638 1732 673 sic
1760 638 1798 673 in
1826 640 1879 674 his
1903 641 2023 683 etiam,

356 694 476 728 caulem
496 703 613 729 mente
636 704 738 729 utens
752 724 759 737 ,
784 697 973 743 theologiae
997 712 1077 733 suae
1102 698 1345 746 mythologiam
1366 698 1474 733 multo
1495 699 1667 733 enimvero
1687 699 1850 734 acumine
1871 714 1908 735 ac
1930 713 2026 736 men-

358 754 400 788 tis
421 755 605 790 sobrietate
630 756 797 803 exquisite
819 757 1038 799 admiscens,
1058 758 1201 805 perinde
1222 759 1324 794 habet
1344 767 1566 807 prototypum
1587 767 1621 793 et
1641 759 1713 794 eius
1730 759 2022 796 simulamentum.

359 815 406 849 :Xe
434 816 539 850 sicuti
566 816 659 850 inter
685 825 841 851 sanctum
869 825 902 851 et
931 817 1103 864 pollutum
1130 832 1201 852 non
1230 819 1302 853 vult
1329 819 1565 866 distinguere3
1588 834 1631 854 ne
1660 820 1751 854 inter
1774 821 1859 855 haec
1880 820 2024 868 quidem

353 876 549 910 discernere
572 877 721 924 patitur,
743 884 776 910 et
798 891 842 912 ne
864 878 1005 911 summis
1033 878 1176 926 quidem
1200 878 1305 913 labris
1328 879 1520 914 doctrinam
1542 880 1632 914 hane
1652 880 1817 915 delibare.
1846 880 1938 915 Nam
1961 881 2024 929 qui

353 937 395 970 ob
425 938 548 971 factam
577 937 785 983 imaginem,
809 937 917 971 dividi
947 936 1130 973 Christum
1156 947 1275 986 putat,
1297 939 1382 973 nihil
1403 940 1498 974 aliud
1527 941 1730 983 arbitratur,
1751 941 1819 976 nisi
1843 941 2021 976 Christum

353 998 393 1031 ab
422 998 569 1044 imagine
598 1012 658 1032 sua
680 1011 751 1031 non
771 997 932 1040 differre,
955 1000 1013 1033 sed
1036 999 1134 1033 ambo
1164 1013 1236 1033 esse
1260 1013 1378 1034 unum.
1410 1000 1542 1043 Secus,
1566 1001 1592 1035 si
1620 1002 1703 1036 baec
1728 1003 1878 1037 novisset
1898 1003 2021 1037 discer-

352 1071 455 1100 nere,
476 1072 526 1092 res
547 1071 656 1091 sacras
679 1066 711 1091 ct
733 1057 827 1092 cultu
850 1058 972 1105 dignas
994 1073 1064 1093 non
1086 1060 1291 1094 damnasset.
1314 1059 1361 1093 At
1383 1060 1476 1094 enim
1492 1074 1579 1094 vana
1601 1061 1722 1107 gloria,
1742 1071 1773 1096 et
1793 1062 1917 1097 mundi
1937 1063 2021 1098 stul-

352 1117 426 1151 titia
448 1117 582 1159 victus,
606 1117 709 1151 nimis
732 1117 782 1152 sui
804 1131 920 1153 amans
942 1127 974 1153 et
1001 1119 1252 1167 cupiditatibus
1275 1133 1427 1162 mersus,
1449 1120 1598 1154 animam
1626 1121 1711 1166 gerit
1741 1122 2020 1166 obtenebratam,

349 1178 573 1225 veritatisque
595 1177 728 1212 lumine
749 1187 866 1222 οἵη-οῖ,
889 1179 976 1214 nihil
1005 1188 1142 1228 praeter
1162 1179 1312 1214 visibilia
1339 1179 1454 1214 sciens
1481 1188 1585 1228 atque
1612 1180 1817 1227 imaginans.
1845 1180 1935 1215 Nam
1955 1190 2019 1215 ter·

350 1252 451 1271 renus
479 1247 590 1281 totus,
613 1246 646 1272 et
668 1239 767 1273 humi
796 1253 946 1288 pronus,
968 1241 1119 1275 abditam
1143 1240 1430 1288 reconditamque
1458 1240 1494 1274 in
1522 1240 1626 1275 sacris
1656 1241 1758 1275 rebus
1782 1241 1925 1288 gratiam
1948 1255 2019 1277 non

348 1299 523 1345 agnoseit,
544 1306 662 1346 utpote
684 1300 745 1347 qui
768 1300 855 1335 intra
878 1301 1057 1336 materiam
1078 1309 1213 1336 tantum
1237 1309 1271 1336 et
1294 1309 1470 1335 creaturas
1492 1309 1646 1335 mentem
1672 1300 1840 1337 continet.

449 1359 522 1405 Age
544 1373 623 1394 vero
646 1359 674 1395 si
694 1361 790 1408 quis,
813 1375 923 1409 aeque
944 1376 982 1396 ac
1005 1362 1068 1396 iste
1095 1361 1368 1410 sapientissimus
1397 1370 1502 1409 atque
1531 1361 1774 1405 acutissimus,
1795 1362 1841 1396 ita
1863 1362 2021 1409 cogitare·

347 1429 381 1453 et
411 1420 566 1467 profiteri
595 1420 770 1461 decrevit,
801 1422 1094 1469 interrogantibus
1125 1423 1225 1457 nobis
1257 1422 1484 1470 respondeat,
1513 1436 1550 1457 ac
1581 1436 1682 1470 porro
1715 1422 1774 1457 det
1808 1436 1947 1471 operam
1979 1431 2019 1458 ut

347 1488 508 1526 agnoscat
529 1494 709 1529 quousque
731 1482 988 1530 propositiones
1008 1483 1101 1518 illius
1123 1483 1277 1518 evadant.
1304 1482 1412 1518 Dicat
1434 1483 1529 1518 enim
1552 1483 1650 1517 nobis
1674 1483 1845 1530 primum,
1868 1497 1955 1518 num
1975 1483 2018 1518 ab

346 1540 462 1588 aliquo
485 1541 671 1576 christiano
695 1542 738 1576 ita
761 1543 928 1591 opinante
950 1543 1139 1579 didicerit?
1167 1543 1332 1578 Profecto
1354 1557 1420 1578 nec
1447 1543 1629 1577 adfirmare
1650 1543 1684 1577 id
1706 1544 1850 1591 poterit,
1872 1557 1938 1578 nec
1961 1543 2018 1578 de-

348 1610 558 1638 monstrare:
582 1616 685 1637 suum
715 1604 809 1638 enim
837 1604 944 1652 ipsius
967 1613 1000 1638 et
1021 1604 1208 1639 artificium
1238 1613 1272 1639 et
1299 1604 1511 1638 maleficium
1539 1603 1614 1638 sine
1643 1603 1749 1638 dubio
1778 1604 1907 1638 iamdiu
1934 1618 2016 1652 prae

350 1675 383 1695 se
405 1662 480 1697 fert.
504 1662 753 1698 Verumtamen
767 1692 775 1706 ‚
797 1678 862 1711 qua
890 1664 921 1698 vi
935 1692 943 1706 ,
964 1678 1074 1712 quove
1104 1664 1206 1698 modo
1220 1692 1228 1705 ,
1250 1664 1332 1698 haec
1360 1663 1451 1698 inter
1471 1677 1504 1698 se
1527 1677 1733 1712 componere
1761 1664 1834 1699 vult
1860 1664 1917 1699 hic
1938 1664 2017 1711 dog-

348 1730 480 1756 matum
507 1736 674 1757 novorum
701 1723 884 1759 inventor?
913 1724 954 1758 Si
977 1724 1072 1759 enim
1095 1724 1257 1759 Christus
1285 1725 1454 1770 figuratus
1486 1732 1644 1758 creatura
1674 1732 1810 1759 tantum
1836 1732 2017 1767 remanet,

347 1781 554 1830 divinaeque
584 1798 705 1831 expers
732 1792 877 1819 naturae
907 1785 987 1833 quia
1015 1785 1098 1819 haee
1128 1785 1428 1832 incircumscripta
1450 1792 1523 1827 est,
1547 1784 1657 1819 multo
1682 1785 1715 1819 id
1737 1784 1833 1832 prius
1862 1785 1933 1832 pati
1960 1785 2017 1819 de-

347 1841 442 1884 buit,
465 1856 545 1877 cum
566 1852 615 1877 est
638 1844 855 1889 incarnatus3
873 1852 1045 1892 quatenus
1067 1844 1248 1892 adsumpta
1270 1859 1287 1878 a
1309 1843 1426 1879 Verbo
1448 1858 1546 1886 caro,
1563 1845 1668 1890 magis
1690 1844 1826 1892 propria
1847 1845 1922 1878 eius
1945 1854 2018 1887 est,

345 1916 449 1950 quam
477 1903 586 1950 imago
608 1905 802 1953 archetypi:
826 1905 1111 1953 quandoquidem
1131 1919 1168 1939 ca
1191 1919 1279 1952 quae
1307 1904 1489 1951 figurando
1511 1905 1547 1938 fit
1569 1904 1714 1938 imitatio
1742 1917 1814 1938 non
1836 1904 1926 1939 bene
1949 1919 2015 1940 ser-

343 1964 497 2006 vabitur,
520 1965 585 1999 nisi
606 1966 791 2013 exemplari
819 1965 933 2014 quoad
963 1965 1038 2000 fieri
1063 1974 1176 2013 potest
1200 1965 1418 1999 assimiletur.
1449 1964 1636 2010 Quomodo
1662 1965 1758 1999 enim
1782 1966 1875 2013 quod
1897 1965 1938 1999 ad
1958 1965 2014 1999 ali-

344 2025 441 2059 cuius
463 2025 693 2061 imitationem
714 2026 1050 2074 similitudinemque
1071 2027 1129 2067 fit,
1151 2040 1249 2072 agere
1271 2025 1401 2073 aliquid
1422 2033 1482 2060 aut
1505 2025 1575 2073 pati
1599 2025 1742 2073 poterit,
1764 2025 1830 2059 nisi
1858 2034 1957 2059 antea
1977 2026 2011 2060 id

345 2098 445 2120 euius
473 2095 521 2120 est
545 2087 687 2121 imitatio
702 2115 709 2129 ,
732 2087 780 2121 ita
808 2101 842 2121 se
870 2087 1020 2122 habeat?
1045 2085 1150 2132 Quod
1171 2087 1198 2120 si
1218 2087 1302 2120 haee
1325 2085 1442 2120 dicere.
1457 2114 1465 2128 ‚
1487 2099 1618 2119 summa
1643 2085 1817 2120 dementia
1838 2085 2013 2134 impietas-

343 2158 408 2191 que
430 2154 497 2188 est,
519 2147 602 2194 quid
623 2147 662 2181 ni
684 2156 717 2181 et
739 2147 792 2182 illa
816 2147 851 2182 in
871 2147 1011 2182 vesania
1033 2160 1165 2181 summa
1184 2147 1390 2181 versentur?
1418 2146 1509 2181 Nam
1530 2146 1556 2180 si
1576 2145 1654 2194 quis
1677 2146 1732 2180 illa
1759 2160 1836 2180 vera
1865 2161 1935 2181 esse
1963 2147 2013 2182 di-

343 2214 417 2246 cat,
441 2221 577 2253 prorsus
605 2208 777 2242 sermonis
804 2208 1001 2243 necessario
1029 2222 1121 2242 nexu
1137 2236 1144 2249 ‚
1167 2207 1331 2255 quoniam
1351 2220 1427 2241 vere
1448 2207 1649 2241 hominibus
1675 2207 1817 2241 visibilis
1838 2207 1907 2241 fnit
1930 2222 2011 2243 cum

341 2265 432 2299 inter
454 2280 514 2301 nos
543 2269 698 2315 apparuit
722 2268 880 2303 Christus
904 2275 1136 2316 (quamquam
1158 2267 1233 2302 fieri
1256 2266 1378 2316 nequit
1400 2276 1438 2301 ut
1463 2267 1580 2301 divina
1603 2275 1730 2318 natura
1754 2268 2009 2316 conspiciatur)

341 2326 500 2373 sequitur
526 2327 667 2375 inquam
692 2338 731 2363 ut
753 2329 834 2377 quia
858 2329 972 2364 divina
993 2337 1114 2363 natura
1138 2342 1207 2362 non
1234 2336 1283 2362 est
1309 2328 1494 2375 conspicua
1509 2356 1517 2370 ‚
1541 2327 1574 2361 id
1596 2328 1690 2376 quod
1715 2328 1892 2370 cernitur,
1919 2342 2011 2363 crea-

341 2393 416 2419 tura
444 2387 578 2434 potiore
608 2388 682 2422 iure
710 2390 950 2424 tantummodo
978 2389 1038 2431 sit,
1061 2389 1175 2423 divina
1199 2389 1245 2423 ibi
1268 2402 1338 2422 non
1368 2388 1540 2423 existente
1562 2397 1694 2424 natura.
1723 2387 1795 2422 Iam
1821 2402 1901 2422 vero
1929 2402 2011 2436 qua—

339 2454 440 2480 tenus
469 2447 628 2494 primitus
652 2455 692 2482 ab
715 2449 914 2484 hominibus
945 2458 1149 2497 conspectus
1177 2450 1264 2492 suit,
1288 2457 1431 2484 eatenus
1461 2449 1565 2483 etiam
1592 2448 1734 2495 figurari
1762 2448 1904 2494 debuitg
1928 2462 2008 2483 nam

339 2506 407 2540 nisi
426 2507 505 2554 quis
525 2507 669 2549 viderit,
691 2523 736 2543 ne
758 2510 902 2556 liguram
923 2510 1066 2558 quidem
1089 2510 1224 2544 efficiet.
1254 2509 1359 2555 Quod
1382 2510 1410 2544 si
1435 2509 1671 2544 criminantur
1692 2508 1734 2543 ob
1757 2508 1864 2543 dictas
1889 2522 2007 2543 causas

338 2566 525 2613 pictorem,
547 2568 629 2615 quid
652 2568 689 2601 ni
710 2569 817 2604 multo
840 2571 945 2617 magis
967 2584 1048 2605 eum
1068 2571 1128 2618 qui
1150 2579 1352 2618 conspectus
1375 2570 1450 2605 est?
1472 2569 1644 2617 siquidem
1665 2569 1708 2603 ob
1730 2569 1764 2602 id
1788 2569 2006 2616 potissimum

339 2627 445 2662 unica
472 2627 601 2663 Christi
624 2643 658 2663 se
682 2630 844 2664 subduxit
869 2646 1036 2678 persona,
1059 2632 1214 2680 nihilque
1242 2632 1336 2666 aliud
1363 2644 1467 2680 quam
1491 2638 1648 2665 creatura
1675 2630 1851 2677 superfuit.

443 2690 499 2734 24.
528 2687 633 2734 Quod
655 2690 683 2723 si
705 2704 722 2724 a
746 2690 906 2725 credente
935 2692 1085 2740 quodam
1112 2701 1272 2727 exoratus
1296 2691 1475 2733 Christus,
1499 2690 1656 2725 divinum
1675 2690 1812 2725 vultum
1839 2704 1941 2725 suum
1966 2690 2003 2725 in

338 2748 446 2783 linteo
476 2763 677 2797 expressum
704 2750 794 2784 misit
820 2752 868 2797 (ι)
885 2780 892 2793 ,
921 2767 982 2786 cur
1010 2753 1082 2787 aliis
1110 2753 1262 2788 eundem
1291 2751 1522 2799 figurantibus
1550 2751 1626 2785 dica
1656 2759 1786 2785 temere
1815 2751 2005 2786 scribitur?

416 2841 450 2870 sl)
470 2839 602 2867 Eusebius
621 2839 683 2867 hist.
701 2840 765 2867 ercl.
784 2840 829 2867 lib.
849 2842 867 2866 1.
887 2844 928 2867 13.
947 2842 1088 2877 inscriptas
1108 2843 1266 2870 nominibus
1285 2842 1386 2869 Christi
1405 2841 1510 2868 domini
1529 2846 1556 2868 et
1574 2841 1674 2876 Abgari
1695 2841 1782 2875 reguli
1802 2841 1923 2868 edesseni
1943 2849 2004 2868 mu-

339 2885 398 2909 tuas
411 2876 542 2918 'epistolas
562 2885 672 2917 recita13
693 2885 790 2912 missae
813 2889 903 2912 tamen
924 2885 1008 2913 iconis
1027 2895 1081 2913 uon
1103 2887 1243 2919 meminit;
1264 2886 1336 2922 quod
1361 2891 1450 2914 tamen
1476 2885 1575 2913 diserte
1597 2885 1663 2912 facit
1682 2886 1891 2920 antiquissimus
1909 2889 2006 2913 auctor
