2203 3331
366 174 435 210 ΞΗ
955 186 983 210 s.
1010 187 1181 211 mcernoni
1207 186 1442 211 Aromfflsncrs

368 241 500 282 remia,
522 246 624 287 atque
647 238 835 275 accedendi
863 241 1063 279 interdictio
1092 245 1239 279 conflata
1266 245 1357 279 suit?
1387 245 1462 279 Cur
1486 242 1630 291 Moyses
1658 244 1742 280 dum
1769 253 1892 281 terram
1913 260 1931 282 a
1952 246 2031 283 Deo

149 313 156 321 ’
173 309 242 331 Exod-
258 310 294 332 111.
309 313 328 331 5-
366 301 530 336 calcatam
560 301 800 347 contingeret,
821 302 935 338 audiit
957 310 979 325 ‘⁶
1003 304 1099 339 locus
1122 305 1157 339 in
1179 319 1247 353 quo
1275 304 1457 347 consistis,
1479 312 1569 339 terra
1589 313 1707 340 sancta
1736 315 1787 341 est
1807 307 1850 342 ᾖ.)
1873 336 1896 350 „
1919 308 2032 343 iussus

366 361 469 396 simul
490 361 637 396 terrenis
661 362 924 412 carnalibusque
948 374 1055 401 semet
1076 366 1284 414 exspoliare3
1306 365 1398 414 quod
1418 365 1512 400 inter
1532 365 1597 400 alia
1623 367 1796 411 ostendit,
1818 368 2033 404 calceamen-

364 430 477 456 torum
498 421 676 458 detractio.

468 494 523 531 71.
554 481 648 526 Cur,
671 492 711 518 ut
738 483 802 519 alia
831 486 1166 532 praetermittamus,
1190 486 1509 534 I‘licrosolymorum
1536 487 1731 522 veneranda
1758 497 1843 524 sunt
1869 489 1965 532 loca,
1993 489 2029 523 in

361 542 485 591 quibus
513 543 687 578 diversans
716 543 875 580 Sei-vator
898 555 931 580 ct
954 546 1007 580 illa
1030 561 1151 593 magna
1173 547 1287 582 divina
1309 561 1412 595 opera
1441 547 1543 590 fecit,
1567 556 1599 582 et
1627 548 1822 596 passionem
1845 563 1907 596 pro
1928 549 2032 584 nobis

359 602 526 651 pertulit,
550 618 611 638 cur
633 605 774 653 inquam
797 606 959 641 omnibus
987 608 1144 641 amabilia
1167 616 1199 642 et
1222 607 1473 655 exoptatissima
1495 608 1603 644 sunt?
1632 607 1736 653 Quod
1759 616 1879 644 autem
1899 623 2030 645 nomen

357 670 501 712 ‘quoque
530 664 743 712 quibusdam
770 666 871 701 rebus
901 667 1119 714 impositum,
1142 668 1359 703 nobilitatem
1387 668 1561 716 impertiri
1589 677 1694 717 queat
1722 676 1757 704 et
1785 669 1950 715 gratiam,
1971 683 2031 704 au-

128 730 234 777 izlmm'
249 729 276 751 X·
291 733 323 751 Η-
361 724 497 759 ‹liamus
514 724 708 760 Dominum
731 725 765 760 in
789 726 971 773 evangeliis
989 727 1166 762 dicentem
1182 730 1216 764 *ἦ
1234 735 1257 749 “
1279 729 1341 777 qui
1362 728 1489 777 recipit
1510 729 1711 777 prophetam
1730 729 1767 763 in
1788 729 1933 764 nomine
1954 743 2031 777 pro-

364 812 386 827 „
414 785 557 833 phetae,
579 786 774 821 mercedem
795 787 981 834 prophetae
1003 787 1160 835 accipiet.
1185 787 1232 822 Et
1253 789 1466 837 quicumque
1489 790 1726 838 propinaverit
1752 790 1813 824 uni
1834 804 1875 824 ex
1895 789 1948 824 his
1968 803 2031 837 pu-

364 874 386 889 „
414 844 499 881 sillis
521 846 665 893 frigidae
688 847 875 895 poculum,
897 855 1035 882 tautum
1055 848 1092 882 in
1114 848 1254 882 nomine
1276 849 1464 898 discipuli,
1488 864 1590 885 amen
1613 850 1692 885 dico
1712 850 1810 885 vobis
1836 863 1911 884 non
1932 849 2031 884 amit-

363 934 386 949 „
414 914 466 941 tet
492 907 688 941 mercedem
716 920 818 942 suam.
850 935 872 949 „
900 907 991 954 Ergo
1021 907 1126 942 etiam
1156 907 1355 943 Cherubini
1387 909 1471 945 dum
1500 911 1595 945 idem
1623 924 1662 945 ac
1692 910 1744 945 illi
1778 910 1943 945 caelestes
1970 923 2030 944 no-

359 980 440 1001 men
469 975 613 1013 gerunt,
643 967 783 1014 gloriam
810 981 949 1016 quoque
977 968 1180 1003 eorumdem
1207 968 1430 1017 participant.
1457 969 1604 1005 Diseant
1630 971 1666 1005 hi
1694 970 1833 1018 profani
1861 978 1896 1005 et
1924 970 2028 1005 rudes

361 1034 577 1062 contractam
598 1041 638 1062 ex
658 1028 689 1061 vi
710 1028 861 1062 nominis
883 1029 1024 1075 gratiam
1044 1038 1149 1077 atque
1171 1029 1371 1066 efficaciam.
1401 1029 1462 1065 Sic
1483 1031 1576 1065 enim
1598 1023 1703 1065 etiam
1729 1045 1824 1066 sacra
1849 1031 1944 1079 apud
1964 1044 2029 1065 nos

358 1087 485 1136 templa
507 1096 609 1136 atque
630 1087 786 1123 aedificia
808 1088 953 1135 gloriosa
977 1098 1059 1124 sunt
1082 1098 1114 1124 et
1133 1090 1343 1125 venerabilia
1357 1119 1365 1134 ,
1387 1091 1465 1139 quia
1486 1090 1562 1126 Deo
1584 1091 1718 1134 dicata,
1739 1100 1773 1126 et
1793 1092 1874 1139 quia
1895 1105 2025 1126 nomen

360 1148 435 1182 eius
465 1148 501 1182 in
533 1148 586 1182 his
620 1148 824 1191 invocatur,
854 1149 959 1184 simul
989 1150 1056 1184 illic
1092 1151 1278 1186 comitante
1310 1160 1512 1186 sanctorum
1541 1152 1690 1199 reposita
1716 1152 1752 1186 in
1782 1152 1824 1186 iis
1852 1152 2029 1186 memoria.

356 1207 448 1242 Illud
476 1222 616 1257 quoque
638 1209 1008 1253 animadvertendum,
1031 1210 1123 1259 quod
1145 1211 1174 1245 si
1195 1211 1250 1246 illa
1270 1225 1409 1260 quoque
1434 1212 1610 1247 deteriore
1638 1212 1713 1247 loco
1741 1212 1875 1260 posita,
1899 1225 2029 1260 nempe

355 1268 390 1301 in
418 1268 529 1315 priore
553 1269 770 1304 tabernaculi
792 1278 888 1318 parte
903 1299 910 1313 ,
933 1279 1052 1306 sancta
1072 1271 1302 1307 nibilominus
1328 1272 1565 1315 dicebantur,
1585 1285 1699 1321 quum
1726 1271 1791 1306 alia
1812 1271 1958 1306 interius
1978 1285 2031 1306 re-

357 1329 496 1364 condita
523 1339 639 1364 sancta
666 1339 863 1365 sanctorum
886 1331 1140 1374 vocitarentur,
1162 1333 1247 1367 baec
1276 1347 1363 1381 quae
1386 1333 1452 1367 illis
1480 1333 1712 1368 coexistebant
1739 1341 1774 1367 et
1803 1345 2029 1367 connumera-

354 1389 505 1432 bantur,
528 1399 656 1438 quanto
684 1391 827 1426 meliore
855 1391 931 1426 loco
959 1393 1186 1427 habebuntur
1214 1402 1247 1427 et
1276 1394 1312 1428 in
1341 1393 1446 1440 gloria
1469 1394 1599 1429 erunt?
1628 1393 1734 1439 Quod
1761 1393 1788 1428 si
1815 1392 2026 1440 ignominiae

353 1450 499 1485 heredes
520 1451 574 1484 bis
601 1451 864 1495 contradicent,
887 1451 956 1487 iam
983 1461 1138 1501 superest
1166 1452 1230 1487 illis
1251 1461 1356 1488 utne
1378 1453 1514 1501 Bonsis
1541 1454 1684 1501 quidem
1711 1452 1837 1488 faciem
1862 1453 2027 1500 glorifica·

354 1518 424 1545 tam
448 1510 656 1547 existiment.
1991 1521 1997 1525 ’

458 1570 611 1606 Cuinam
639 1586 718 1619 ergo
749 1573 991 1609 credendum?
1019 1574 1140 1622 Moysi
1166 1588 1211 1609 ne
1239 1588 1279 1609 ae
1307 1573 1418 1610 Paulo
1446 1574 1507 1623 qui
1534 1573 1604 1609 Dei
1623 1574 1770 1609 videndi
1797 1573 1893 1620 digni
1917 1573 2026 1608 habiti

353 1639 456 1674 sunt,
485 1640 517 1666 et
544 1632 669 1680 quibus
698 1633 852 1668 sublimis
879 1635 1069 1682 theologiae
1098 1635 1262 1682 mysteria
1292 1635 1498 1670 concredita
1525 1636 1696 1678 fuerunt,
1723 1649 1766 1671 an
1795 1635 1869 1669 istis
1896 1635 1956 1683 qui
1984 1648 2025 1669 ex

352 1693 432 1726 fimo
459 1692 655 1741 loquuntur
683 1695 880 1730 adulterina
908 1705 943 1731 et
968 1696 1056 1731 male
1087 1696 1216 1731 olentia
1243 1697 1496 1739 deliramenta,
1521 1705 1554 1732 et
1577 1711 1617 1732 ex
1638 1696 1757 1745 spuria
1776 1705 1891 1731 mente
1918 1695 2026 1743 proie-

352 1760 424 1787 ctos
446 1753 650 1788 insanorum
672 1755 874 1802 crepituum
893 1756 1092 1791 temerarios
1115 1757 1282 1792 abortus?
1311 1756 1351 1791 Si
1380 1771 1459 1804 ergo
1482 1757 1594 1792 Paulo
1618 1771 1691 1792 non
1719 1756 1891 1799 eredunt,
1914 1757 1959 1790 ita
1981 1756 2023 1791 de

350 1812 404 1847 his
432 1813 639 1857 disserenti,
661 1824 782 1864 utpote
814 1815 1032 1863 Cliristiani3
1055 1817 1083 1852 si
1110 1831 1155 1852 ne
1184 1817 1302 1866 Moysi
1329 1817 1494 1866 quidem,
1519 1827 1695 1867 tamquam
1716 1817 1888 1862 Hebraei3
1914 1817 1942 1851 si
1968 1816 2024 1851 de—

351 1874 456 1922 nique
484 1889 548 1910 nec
578 1876 640 1924 ipsi
666 1875 767 1920 Deo,
789 1886 827 1912 ut
855 1877 980 1913 Gracci
1007 1887 1069 1913 aut
1095 1879 1257 1924 barbari3
1284 1879 1394 1914 multo
1421 1879 1474 1914 his
1502 1879 1666 1914 omnibus
1695 1878 1962 1925 irreligiosiores
1990 1886 2023 1912 et

351 1933 425 1968 sine
446 1934 522 1970 Deo
550 1945 641 1973 sunt.
670 1936 764 1973 Haec
785 1947 904 1974 autem
927 1953 989 1974 ceu
1011 1953 1073 1987 per
1094 1940 1343 1988 compendium
1370 1940 1608 1975 disseruimus.
1637 1939 1710 1974 Iam
1737 1939 1834 1974 enim
1860 1937 2022 1973 nonnulli

353 2008 392 2029 ex
418 1995 470 2030 his
497 2010 515 2031 a
542 1997 609 2032 fide
638 1999 820 2046 apostatis,
840 2008 1022 2048 postquam
1048 2000 1137 2034 haec
1165 2000 1208 2034 ad
1237 2001 1436 2048 exemplum
1464 2000 1625 2047 imaginis
1648 1999 1845 2034 Servatoris
1871 1999 1980 2033 nostri
2005 2012 2022 2032 a

176 2067 213 2086 ‘ir-
230 2072 252 2092 v.
270 2070 313 2087 115.
349 2055 413 2102 piis
441 2056 622 2105 adsumpta
650 2059 816 2101 suerunt,
839 2060 1026 2095 conviciari
1053 2061 1155 2095 simul
1183 2070 1217 2096 et
1245 2061 1422 2108 despicere
1448 2061 1485 2095 hi
1506 2060 1582 2096 Deo
1610 2060 1758 2095 odibiles
1780 2073 1852 2095 non
1882 2058 2022 2093 distule—

351 2125 453 2159 runt,
474 2118 655 2154 maledicta
675 2119 782 2155 multa
803 2121 1006 2155 effutientes
1020 2149 1028 2164 ,
1052 2130 1086 2155 et
1107 2121 1202 2155 omni
1223 2121 1422 2156 irrisionum
1445 2130 1477 2156 ct
1501 2121 1793 2156 contumeliarum
1816 2133 1943 2167 genere
1966 2132 2021 2153 res

351 2191 369 2211 a
390 2176 466 2212 Deo
494 2180 672 2215 mandatas
694 2181 889 2217 obruentes.
919 2181 958 2216 Si
980 2196 1059 2229 crgo
1087 2182 1297 2217 famulorum
1319 2184 1472 2229 figurae,
1495 2183 1696 2217 divinorum
1723 2174 1864 2230 inquam
1889 2179 2023 2215 Cheru-

350 2237 533 2282 binorum,
555 2254 634 2274 nam
661 2250 694 2276 et
715 2242 749 2276 hi
772 2241 841 2276 Dei
869 2243 986 2277 famuli
1009 2251 1043 2278 et
1067 2251 1247 2277 creaturae
1269 2243 1363 2291 apud
1390 2256 1557 2290 magnum
1579 2242 1776 2291 apostolum
1805 2249 2020 2288 cunctosque

350 2306 444 2332 recta
471 2299 640 2346 religione
667 2302 820 2337 imbutos
847 2304 1043 2349 habentur3
1069 2303 1095 2338 si
1123 2303 1267 2351 inquam
1294 2305 1329 2338 hi
1358 2303 1545 2352 praedictis
1572 2303 1682 2338 modis
1710 2301 1848 2350 gloriosi
1875 2309 1959 2335 sunt
1986 2309 2019 2334 et

349 2357 538 2405 dicuntur3
562 2360 679 2396 dicant
700 2363 799 2398 nobis
820 2373 972 2399 amentes
1001 2364 1058 2399 isti
1086 2378 1149 2399 cur
1178 2365 1333 2399 omnium
1355 2365 1544 2412 regnatoris
1559 2394 1566 2407 ,
1590 2364 1652 2413 qui
1672 2364 1777 2398 ctiam
1801 2362 2019 2398 Cherubino-

349 2431 427 2452 rum
448 2419 610 2455 dominus
633 2431 702 2464 est,
720 2432 753 2458 et
773 2425 952 2459 universae
976 2434 1112 2459 creatae
1135 2425 1185 2459 rei
1206 2426 1424 2468 dominator,
1447 2440 1542 2461 sacra
1563 2426 1677 2471 imago
1696 2423 1937 2472 reprobabitur
1957 2430 2017 2456 aut

350 2483 618 2517 contemnetur?
643 2483 746 2518 immo
768 2486 883 2532 potius
911 2500 974 2520 cur
996 2487 1032 2520 in
1057 2487 1183 2521 bonore
1207 2500 1342 2521 summo
1365 2501 1404 2521 ac
1429 2487 1537 2533 gloria
1564 2500 1636 2520 non
1661 2484 1871 2519 habebitur?
1898 2482 2018 2517 l'rol'e-

352 2547 407 2573 cto
429 2541 492 2588 qui
520 2541 674 2576 debitum
695 2545 817 2579 maiori
843 2546 979 2581 obiecto
1000 2547 1169 2582 honorem
1189 2548 1382 2589 subtrahit,
1405 2561 1517 2594 neque
1543 2546 1642 2580 illum
1665 2545 1784 2580 saltem
1805 2544 1865 2591 qui
1888 2543 2018 2578 minori

353 2601 515 2636 convenit
543 2603 703 2646 exbibet,
724 2615 889 2652 quantam
916 2616 1070 2642 meretur
1099 2607 1434 2655 reprehensionem?
1463 2606 1558 2653 Quid
1583 2606 1620 2640 ni
1642 2606 1669 2639 is
1698 2618 1829 2639 summa
1858 2605 2017 2653 nequitia

351 2661 473 2708 plenus
493 2663 559 2698 sit?
586 2663 678 2699 Haec
706 2679 819 2713 neque
849 2669 963 2703 animo
992 2668 1172 2703 imbecillis
1196 2677 1229 2703 ct
1249 2669 1366 2716 lingua
1395 2666 1593 2715 impeditis,
1614 2680 1731 2714 neque
1758 2674 1852 2699 recte
1878 2665 2021 2699 xalenti-

350 2721 415 2756 bus
443 2722 561 2771 loqui,
582 2724 619 2758 in
647 2734 798 2760 mentem
822 2728 925 2763 venit.
951 2718 1084 2763 Yeruni
1106 2729 1281 2763 enimvero
1311 2727 1520 2763 contumelia
1549 2740 1691 2775 quoque
1719 2726 1811 2760 omni
1835 2726 1916 2760 llaec
1939 2726 2020 2760 adli-

352 2796 450 2825 cere,
471 2784 506 2818 id
534 2799 578 2819 ne
605 2786 807 2821 manifestae
835 2788 978 2835 quidem
999 2790 1153 2824 insaniae
1176 2790 1294 2824 morbo
1324 2790 1520 2824 laborantes
1550 2789 1710 2822 facerent.
1740 2788 1903 2821 ¹Xttamcn
1932 2787 2017 2821 sacri

355 2841 569 2889 Cherubini,
592 2860 673 2882 cum
693 2847 862 2895 simplices
884 2849 953 2883 sint
975 2858 1009 2884 et
1030 2850 1293 2894 immaterIales,
1312 2850 1388 2885 sine
1413 2849 1526 2897 specie
1547 2848 1614 2883 ulla
1637 2857 1696 2883 aut
1719 2849 1843 2895 ligur&
1866 2848 2013 2896 ideoque
2108 2873 2134 2886 α
