2203 3331
639 225 801 248 ADVERSUS
828 223 1069 248 cossus-risun
1095 223 1216 246 coenos
1222 225 1326 246 mirra.
1780 216 1789 248 l
1800 216 1820 247 9

152 295 278 320 vanum
303 282 488 317 verborum
517 282 700 317 cumulum
726 281 949 316 audientibus
978 279 1166 325 ingerunt,
1195 278 1431 322 declinantes,
1462 280 1532 328 ipsa
1564 294 1651 329 quae
1682 280 1819 315 illorum

153 345 317 380 stultitiae
341 343 498 391 capitalia
521 343 786 385 existimantur,
810 341 968 377 cominus
991 338 1244 386 adgrediamur.
1267 339 1390 387 Neque
1414 342 1524 376 secius
1547 341 1819 377 animadverten-

152 407 239 442 dum
266 413 334 447 est,
357 419 426 453 qua
453 404 586 439 ratione
612 404 653 439 ad
682 404 775 445 illos,
798 403 858 452 qui
886 410 972 436 tunc
1000 399 1203 434 sacerdotali
1230 399 1403 445 dignitate
1429 402 1582 435 exornati
1611 411 1730 445 erant,
1751 417 1819 437 scr-

154 480 291 502 monem
315 479 416 500 51111111
442 465 612 501 intendat.
640 464 783 499 Etenim
810 461 1052 508 interrogativa
1077 461 1186 495 forma
1211 461 1468 503 sermocinans,
1494 462 1541 496 ita
1567 463 1706 497 simulat
1733 463 1820 498 solu-

153 527 264 562 tiones
285 526 473 561 dubiorum
494 526 687 574 exquirere;
709 525 771 559 etsi
792 523 921 571 alioqui
940 520 1175 570 praepotentia
1195 521 1304 555 multa
1326 529 1359 555 et
1380 521 1472 555 omni
1489 522 1630 557 audacia
1651 525 1821 571 propriae-

151 602 220 636 que
242 588 432 622 sententiae
460 587 640 621 tenacitate
661 594 784 627 utenS,
806 584 928 633 placita
955 597 1015 618 sua
1044 582 1176 617 iamdiu
1205 581 1417 630 exsequitur.
1446 581 1504 616 Sic
1527 583 1630 630 igitur
1655 584 1821 619 obiectio-

154 662 215 683 nes
243 663 277 683 se
306 649 433 683 habent
459 650 520 695 (1).

258 723 290 757 9.
317 716 363 754 022
389 708 520 743 Sancta
540 707 607 742 Dei
630 706 795 742 catholica
817 704 994 747 omnium,
1016 704 1079 752 qui
1102 703 1290 739 Christiani
1311 717 1449 745 sumus,
1471 702 1616 738 ecclesia
1638 704 1819 740 traditione

160 776 207 815 (ς’-,9
237 769 361 804 didicit
380 770 428 803 ita
450 767 605 803 confiteri
626 767 736 802 filium
756 780 796 801 ac
816 766 972 800 Verbum
992 764 1077 801 Dei:
1097 773 1223 799 natura
1245 764 1409 799 videlicet
1433 763 1625 812 simplicem
1638 792 1645 806 ,
1666 765 1821 800 incarna-

160 837 207 876 (ς’-ἑ)
240 838 317 865 tum
344 838 459 864 antem
486 829 523 863 in
551 827 765 862 sanctissima
792 826 1013 861 immaculata
1045 825 1186 860 domina
1214 832 1331 859 nostra
1359 824 1497 872 deipara
1525 837 1660 872 semper
1686 825 1820 872 virgine

160 896 208 935 ςζ-’ὶ
237 890 370 935 Maria3
391 903 462 924 non
490 896 621 924 mutata
642 887 681 922 in
707 901 848 922 carnem
869 887 1070 928 divinitate,
1091 900 1204 934 neque
1231 899 1333 920 carne
1358 885 1619 919 incrementum
1645 885 1821 920 adserente

160 958 207 995 059
238 950 430 995 divinitatig
451 949 512 984 sed
541 949 675 983 duabus
705 947 841 982 naturis
871 947 907 982 in
935 947 1155 982 inconfusam
1179 959 1285 981 unam
1312 946 1520 980 coeuntibus
1543 945 1714 980 unionem
1740 946 1823 980 diri-

160 1016 207 1055 <¹÷⁴>
237 1010 353 1045 nitatis
381 1018 486 1058 atque
513 1009 762 1054 humanitatis3
787 1008 939 1056 ideoque
967 1021 1080 1042 unum
1106 1006 1329 1055 eundemque
1358 1020 1430 1041 esse
1459 1006 1656 1041 secundum
1682 1006 1823 1041 unicam

159 1078 207 1117 <722
236 1070 462 1119 hypostasim,
485 1070 663 1118 duplicem
688 1069 852 1104 videlicet
872 1068 908 1102 in
935 1082 1006 1103 una
1027 1081 1191 1116 persona:
1213 1066 1348 1102 etiamsi
1373 1067 1485 1101 omnis
1504 1067 1616 1114 imago
1644 1067 1685 1101 de
1712 1076 1822 1115 proto-

160 1136 207 1175 <729
238 1139 316 1178 typo
339 1131 452 1178 aliquo
478 1130 629 1164 derivata
654 1131 704 1178 (2)
733 1129 963 1176 cognoscitur.
995 1133 1042 1172 (ᾗ)

259 1190 352 1226 Haec
373 1191 408 1225 in
428 1190 627 1238 prohoemio
651 1198 743 1225 sunt.
772 1189 868 1236 Quid
891 1203 968 1236 ergo
989 1202 1053 1223 nos
1075 1188 1118 1223 ad
1139 1188 1226 1223 haec
1247 1187 1422 1223 dicimus?
1448 1186 1584 1236 Nempe
1608 1187 1690 1236 quia
1709 1188 1823 1223 statim

157 1252 299 1300 quidem
327 1251 507 1300 primoque
535 1259 651 1293 motu,
679 1251 842 1299 quoniam
870 1250 910 1284 ad
942 1248 1155 1284 Christianos
1181 1249 1283 1283 verba
1310 1249 1414 1291 facit,
1437 1249 1613 1284 scenicam
1640 1249 1821 1284 christiani

157 1312 308 1347 hominis
328 1325 508 1360 personam
528 1312 591 1346 sibi
612 1311 750 1354 induit,
772 1311 891 1346 dolum
912 1319 1016 1359 atque
1038 1309 1209 1344 fallaciam
1231 1309 1324 1344 intra
1345 1309 1526 1358 proprium
1547 1309 1719 1353 animum,
1743 1319 1823 1345 tam-

159 1387 264 1421 quam
290 1373 325 1407 in
352 1387 447 1415 arca,
477 1373 618 1406 interim
646 1372 769 1408 celans.
798 1372 908 1406 Iactat
940 1379 1058 1406 autem
1086 1384 1120 1405 se
1150 1370 1312 1405 ecclesiae
1342 1384 1542 1405 conservare
1576 1371 1820 1414 traditionem,

159 1432 337 1481 Yerbique
358 1433 427 1468 Dei
447 1433 627 1468 humanati
646 1433 853 1481 mysterium
873 1432 1094 1479 magnificare
1118 1431 1277 1478 videturg
1300 1431 1468 1480 simulque
1489 1432 1660 1467 honorare
1685 1433 1821 1468 simulat

159 1494 410 1529 sanctissimam
436 1494 602 1540 virginem
628 1492 695 1528 Dei
721 1502 887 1539 matremg
910 1506 1016 1541 quam
1043 1492 1123 1527 alibi
1147 1492 1359 1527 multimodis
1382 1494 1400 1513 ᾇ
1423 1493 1682 1528 dehonestatam
1707 1495 1822 1529 tradu-

161 1568 239 1589 cere
261 1554 486 1598 moliebatur,
508 1569 574 1589 nec
595 1568 666 1589 non
688 1554 846 1589 eiusdem
866 1554 956 1601 apud
978 1552 1097 1588 Deum
1117 1553 1407 1588 intercessionem
1426 1568 1551 1601 negare
1565 1583 1573 1597 ,
1594 1568 1612 1588 a
1633 1569 1702 1602 qua
1726 1554 1823 1589 Chri-

161 1614 282 1648 stianis
310 1615 467 1649 omnibus
495 1628 557 1648 ceu
584 1614 700 1649 salutis
727 1614 979 1657 coneiliatrice,
1004 1628 1062 1662 spe
1088 1613 1258 1648 immobili
1282 1614 1396 1656 fretis,
1419 1614 1539 1649 salvari
1563 1615 1733 1662 contingit
1760 1617 1821 1663 (3).

161 1674 269 1708 fictis
297 1684 416 1709 autem
441 1675 641 1709 huiusmodi
668 1675 779 1709 verbis
811 1688 922 1709 mores
953 1674 1153 1709 auditorum
1179 1675 1347 1717 fascinat,
1375 1683 1413 1709 ut
1445 1675 1492 1709 sic
1526 1689 1583 1709 eos
1614 1683 1822 1711 transversos

162 1748 261 1780 agere
282 1735 399 1782 possit.
428 1734 520 1769 Hinc
540 1735 629 1770 belle
651 1735 836 1770 admodum
857 1745 961 1783 atque
982 1743 1143 1770 accurate
1165 1735 1329 1782 compleri
1350 1735 1386 1769 in
1407 1735 1473 1770 hoc
1497 1736 1639 1771 homine
1661 1736 1747 1771 illud
1769 1752 1824 1785 ap-

161 1803 276 1842 paret,
297 1795 389 1842 quod
411 1809 505 1829 sacra
526 1795 664 1830 oracula
685 1796 808 1830 dicunt
828 1797 861 1832 ᾖε
883 1796 1003 1842 sagitta
1022 1795 1228 1838 vulnerans,
1249 1795 1367 1842 lingua
1389 1810 1526 1832 eorum:
1547 1797 1748 1845 sepulcrum
1768 1812 1823 1846 pa-

162 1863 257 1897 tens,
279 1863 395 1901 guttur
418 1869 557 1891 eorum:
577 1855 701 1902 linguis
729 1856 796 1890 suis
824 1856 941 1891 dolose
970 1856 1127 1903 agebant.
1157 1855 1321 1891 Suadent
1346 1857 1457 1899 enini,
1479 1857 1593 1905 lepore
1617 1872 1655 1892 ac
1678 1858 1822 1894 lenitate

162 1916 330 1950 sermonis
359 1924 467 1950 semet
494 1917 702 1963 figurantes,
730 1930 897 1964 auresque
926 1917 1138 1962 mulcentesg
1162 1917 1418 1966 vulnerantque
1447 1918 1571 1960 simul,
1598 1932 1663 1953 ceu
1692 1920 1822 1966 sagittis

162 1976 292 2018 acutis,
314 1977 551 2012 indoctiorum
575 1978 729 2019 animos,
751 1977 921 2026 variisque
943 1986 977 2012 et
996 1977 1245 2013 insanabilibus
1270 1978 1374 2026 plagis
1396 1979 1459 2014 alte
1482 1980 1700 2026 transfigunt.
1731 1980 1825 2016 Cum

165 2037 256 2071 enim
277 2037 412 2085 oblique
433 2038 489 2072 hic
510 2038 611 2072 1101110
632 2038 867 2086 malitioseque
889 2038 1047 2073 adversus
1067 2038 1242 2073 veritatem
1264 2040 1462 2082 invehitur,
1479 2054 1551 2075 non
1575 2041 1744 2076 continuo
1764 2042 1825 2077 im-

163 2098 328 2145 pietatem
351 2106 523 2145 ostentat3
543 2099 692 2145 benigne
719 2113 800 2134 vero
826 2099 1026 2147 sincereque
1055 2099 1246 2134 doctrinam
1275 2114 1392 2134 sanam
1419 2101 1581 2149 exponit,
1603 2110 1642 2136 ut
1668 2102 1825 2138 videatur

165 2166 262 2193 recte
285 2166 318 2193 et
343 2158 686 2207 irreprehensibiliter
705 2160 852 2205 sentireg
874 2168 978 2208 atque
1000 2160 1045 2194 ita
1072 2160 1302 2208 complurium
1328 2161 1597 2196 benivolentiam
1616 2164 1735 2198 venari
1757 2177 1826 2198 mo-

163 2218 265 2261 litur,
288 2227 328 2253 ut
350 2232 430 2254 cum
452 2228 569 2268 postea
588 2221 758 2268 propriam
779 2229 910 2255 evomet
932 2220 1115 2263 malitiam,
1134 2221 1259 2268 dignus
1279 2221 1344 2256 fide
1364 2222 1520 2266 habitus,
1541 2223 1673 2258 facilius
1697 2238 1753 2259 eos
1775 2239 1826 2259 ca·

164 2280 236 2328 piat
256 2281 316 2328 qui
338 2280 444 2328 ipsius
464 2281 561 2316 fictas
587 2281 720 2316 fabulas
739 2281 939 2329 persuaderi
967 2282 1035 2316 sibi
1055 2282 1206 2318 siverint.
1233 2282 1341 2331 Atqui
1360 2284 1454 2319 haud
1482 2293 1615 2332 oportet
1637 2286 1748 2320 verbis
1771 2285 1825 2320 ad-

243 2407 277 2436 (¹)
297 2405 447 2439 Sequentes
466 2405 516 2432 sub
535 2406 670 2432 asteriscis
685 2406 725 2432 vel
740 2406 829 2440 potius
843 2406 927 2433 obelis
946 2407 998 2434 loci
1013 2408 1131 2435 citantur
1145 2408 1315 2436 refutationis
1333 2410 1419 2444 gratia
1433 2418 1447 2436 a
1463 2410 1628 2445 Nicephoro,
1643 2419 1673 2438 ex
1688 2410 1826 2446 deperdito

164 2449 328 2483 Copronyini
347 2448 447 2482 scripto
467 2457 514 2483 pro
533 2449 635 2476 haeresi
655 2449 893 2483 iconoclastarum,
909 2451 963 2478 sive
981 2451 1008 2477 id
1026 2451 1144 2478 edictum
1163 2451 1257 2485 suerit,
1272 2453 1326 2480 sive
1345 2457 1475 2481 tractatus
1489 2454 1539 2481 sub
1553 2455 1611 2482 eius
1630 2455 1740 2482 nomine
1758 2456 1824 2482 scri-

164 2495 236 2527 ptus.
256 2491 382 2518 Edictum
401 2492 512 2527 quidem
532 2498 663 2520 memorat
681 2493 778 2521 suidas
797 2502 857 2521 voc.
876 2497 1075 2526 Κωσταντῑνος,
1090 2504 1139 2523 nee
1157 2504 1212 2523 non
1229 2496 1366 2524 Cedrenus
1385 2497 1427 2524 ed.
1444 2498 1526 2525 Paris.
1541 2499 1572 2525 T.
1588 2499 1622 2525 11.
1639 2508 1664 2534 p.
1681 2503 1704 2526 1.
1723 2501 1765 2527 Ὠ,-
1782 2504 1823 2526 καί

161 2537 258 2571 &svp-0¹?
277 2538 319 2564 ἐπὶ
339 2539 403 2564 λαοῦ
423 2537 557 2564 nasaniam
578 2538 719 2570 ἐκθέσθαι,
735 2542 771 2573 μή
790 2540 916 2574 >ispo-Sui
935 2552 989 2567 τινα
1009 2544 1052 2567 τῶν
1074 2542 1229 2577 θεραπόντων
1250 2543 1333 2577 κυρίου
1355 2544 1381 2568 τὸ
1404 2545 1517 2578 παράπαν
1536 2543 1625 2578 ἅγιον,
1642 2545 1709 2571 [ἑλλοὶ
1730 2547 1772 2571 καί
1794 2548 1823 2571 m'

162 2583 273 2615 >Ji-,Lava
287 2584 376 2608 τούτων
393 2584 554 2618 εὑρισκόμενα
570 2584 754 2614 immuto-821,
769 2587 812 2610 καί
830 2588 892 2618 aaa?
910 2586 1042 2620 πρεσβείαν
1059 2587 1137 2613 αὐτῶν
1153 2587 1270 2619 ἐξειπεῖν’
1286 2588 1354 2613 ου’δέν
1371 2590 1419 2624 γάρ
1434 2589 1585 2624 ἰσχύουσι-Αἰ
1606 2591 1637 2615 ‘Ill
1656 2590 1741 2624 leyem
1761 2598 1824 2623 [11111-

162 2635 214 2661 que
231 2627 416 2654 *universalem
432 2627 537 2662 populo
551 2630 747 2663 proposuerit,
767 2637 801 2655 ne
819 2631 966 2664 quisquam
985 2633 1096 2657 omnino
1114 2639 1258 2658 serrorum
1277 2634 1343 2665 Dei,
1361 2635 1475 2660 sanctas
1493 2633 1654 2666 (licentum
1671 2633 1720 2659 secl
1738 2634 1821 2659 etiam

164 2678 258 2697 eorum
277 2671 413 2706 reliquiae
432 2674 562 2706 repertae
578 2672 793 2707 despicerentur,
809 2682 876 2700 nere
893 2676 1053 2701 intercessio
1068 2677 1192 2710 ἐρεοιίιυι1
1206 2678 1369 2710 peteretur,
1385 2685 1433 2704 cezc
1447 2679 1496 2712 qm*
1510 2678 1584 2704 nihil
1600 2679 1697 2704 iaz-are
1711 2678 1821 2710 queant.

243 2717 277 2747 (2)
295 2715 362 2742 Cod.
382 2717 505 2752 noegd‘yoq.
525 2717 625 2751 Scripsi
646 2721 805 2753 παραγωγάς.

242 2761 277 2789 (3)
295 2758 376 2786 vides
395 2759 468 2787 haud
486 2768 543 2787 esse
562 2761 742 2794 neotericam,
762 2770 849 2797 neque
868 2767 1022 2790 nostrorum
1044 2764 1232 2791 tantummodo
1251 2765 1445 2800 asceticorum,
1466 2767 1537 2793 hanc
1559 2767 1730 2801 opinionem,
1749 2764 1821 2799 quod

164 2801 340 2837 beataVirgo
358 2804 472 2830 salutem
492 2808 629 2831 aeternam
648 2806 856 2837 (intercedendo
875 2807 993 2839 scilicet)
1013 2807 1091 2835 nobis
1110 2809 1250 2842 conciliet,
1266 2818 1353 2845 neque
1373 2810 1399 2837 id
1417 2819 1479 2838 euin
1494 2811 1583 2845 aliqua
1599 2810 1697 2836 Christi
1716 2808 1820 2835 redem-

166 2845 248 2879 ptoris
266 2854 296 2873 ac
316 2846 470 2875 mediatoris
493 2849 658 2876 contumelia
677 2858 692 2876 a
712 2850 852 2887 catholicis
876 2850 946 2884 dici,
965 2855 1046 2886 prout
1070 2852 1223 2880 heterodoxi
1243 2853 1353 2888 quidam
1377 2854 1511 2882 dictitant.
1532 2853 1653 2881 Profecto
1673 2853 1741 2879 hane
1761 2860 1821 2879 sen-

166 2891 277 2917 tentiam
296 2891 455 2920 confirmare
475 2893 568 2921 multis
587 2894 647 2922 aliis
666 2899 773 2930 patrum
793 2896 1015 2931 auctoritatibus,
1036 2905 1091 2925 non
1110 2898 1180 2926 foret
1197 2898 1315 2927 difficile.

1857 1443 1894 1463 (ir.
1909 1450 1931 1469 μ.
1947 1448 1966 1463 o.

1857 1502 1867 1511 ⁸
1882 1506 1914 1522 nr.
1931 1501 2051 1533 rei-‘rga‘-

1857 1544 1915 1560 7114:-

1858 1813 1866 1823 *
1883 1812 1916 1832 ΡΞ,
1934 1812 1991 1833 xiil.
2008 1815 2026 1833 2.
