2203 3331
340 210 404 244 1523
764 220 884 243 Timon.
913 220 1006 243 εγω).
1035 220 1133 256 Onu.
1163 221 1235 244 vni.
1267 222 1299 244 rx
1324 222 1352 245 s.
1382 223 1503 246 maru.
1532 224 1586 246 Ar.

335 288 410 318 tiae.
443 286 514 318 Ave
546 286 603 329 qui
631 296 666 317 cs
693 286 821 330 peritae
854 291 1016 331 capturae
1042 287 1191 333 piscator
1221 286 1482 322 rationabilium
1509 290 1668 335 piscium.
1698 291 1769 325 Ave
1788 294 1845 338 qui
1869 304 1904 327 es
1923 293 2021 328 multi

333 343 428 376 chori
456 348 486 375 ct
515 342 624 377 dulcis
652 342 782 376 fructus
808 342 959 388 palmes,
980 343 1102 378 Christi
1130 344 1263 378 xivitlac
1289 350 1322 378 et
1349 351 1510 390 paternae
1536 347 1692 380 culturae
1718 349 1807 382 vitis.
1830 339 1900 385 Ave
1926 351 2021 397 digni

332 405 441 438 meriti
476 404 601 437 famule
635 405 770 437 Domini
807 405 1060 439 universorum.
1097 406 1168 439 Axe
1195 407 1320 440 merito
1350 406 1590 441 desiderabilis
1623 410 1730 442 amice
1762 414 2020 456 supercaelestis

330 463 459 507 spousi.
490 464 561 495 Ave
580 463 639 506 qui
658 473 692 495 es
711 462 896 507 sapientiae
922 462 1060 496 fluentis
1080 470 1109 497 ct
1141 464 1338 509 multiplicis
1359 466 1562 510 potationis.
1586 478 1624 499 ac
1642 466 1759 500 lumen
1778 469 1940 513 spiritalis
1959 484 2019 517 pa-

330 519 446 553 radisi.
478 521 549 552 Ave
575 519 633 564 qui
659 530 695 553 cs
726 519 841 553 divina
875 520 1001 554 xii-tute
1028 521 1229 555 vulnerator
1260 521 1411 557 diaboli.
1445 523 1614 556 mundum
1640 535 1703 557 suo
1734 524 1916 574 latrocinio
1941 529 2019 562 iul-

330 579 493 611 ncrantis.
524 578 594 611 Axe
618 579 675 622 qui
704 577 940 623 multipliciter
970 589 1114 623 appares
1141 579 1274 612 mundo
1300 580 1436 613 Luc-{ser
1464 581 1522 614 Dei
1551 582 1768 626 cognitionis.
1791 583 1947 617 Gauttoas
1965 585 2018 618 di-

330 636 456 668 vinitus
481 635 645 668 illustrata
675 641 707 668 et
737 637 833 679 ignea
859 636 1045 681 columpna
1069 636 1310 670 orthodoxiae.
1335 637 1489 671 Gandeas
1509 638 1558 671 sol
1587 638 1683 672 orbis
1701 645 1830 677 terrae,
1851 641 1909 685 qui
1934 653 2019 675 cun-

329 700 379 726 cta
414 693 598 726 illuminas.
630 693 784 726 Gaudeas
815 704 853 727 os
889 694 948 726 Dei
981 693 1192 737 sapie-ntiae,
1229 693 1382 739 linguam
1416 694 1544 728 liabens
1573 696 1727 740 ignitam.
1765 697 1920 731 Gaudeas
1956 699 2015 731 iu—

326 753 410 795 giter
440 762 603 783 emanans
641 750 717 783 sons
747 751 943 784 sanitatum.
976 749 1131 782 Gaudeas
1161 750 1370 785 daemonum
1404 751 1568 785 terribilis
1606 754 1823 798 insequutor.
1860 754 2016 789 Gaudeas

327 810 383 854 qui
413 822 448 841 es
474 807 894 853 multiplieitet·-.optal›ilis
920 806 1115 839 formositas
1139 807 1334 841 Armeniae.
1363 809 1517 842 Gaudeas
1543 811 1601 854 qui
1628 810 1672 843 ab
1697 811 1830 845 oriente
1854 811 1896 844 ad
1924 813 2013 846 occi-

327 867 465 901 dentem
493 877 556 911 per
583 877 677 899 mare
708 866 857 911 gloriose
889 863 1086 897 ambulasti.
1121 863 1276 896 Gaudeas
1300 865 1359 909 qui
1383 876 1418 898 es
1448 867 1610 911 Lipare-os
1635 867 1824 902 salutabilis
1857 875 1889 902 ct
1923 870 2015 903 mul-

327 923 466 957 timodis
500 922 686 957 adorabilis
723 922 895 967 gloriatio.
931 920 1088 954 Gaudeas
1118 920 1177 965 qui
1208 930 1304 953 mare
1334 921 1549 955 sanctificasti
1584 923 1789 958 meabilibus
1823 926 2009 969 gressibus.

325 982 479 1016 ‹jamleas
511 982 569 1026 qui
602 988 726 1014 terram
762 990 972 1024 purpuream
1005 977 1111 1012 fecisti
1149 977 1277 1011 rubore
1312 978 1581 1011 castissimorum
1619 982 1822 1025 sanguinum
1857 989 2009 1017 tuorum.

325 1041 478 1074 Gandeas
503 1040 560 1084 qui
588 1043 699 1072 aerem
726 1036 900 1070 suavitatis
926 1034 1095 1069 odoribus
1121 1035 1280 1081 replesti,
1309 1035 1412 1069 sacris
1439 1035 1684 1080 spiraminibus
1715 1037 1912 1072 divinorum
1939 1039 2013 1072 elo-

323 1101 485 1144 quiorum
505 1103 657 1130 tuorum.
680 1093 833 1128 Gaudeas
851 1094 911 1139 qui
931 1092 975 1126 ad
994 1093 1127 1127 caelum
1148 1093 1365 1131 commeasti,
1387 1098 1421 1126 et
1440 1092 1575 1126 medius
1595 1094 1628 1126 in
1647 1093 1756 1126 choro
1775 1093 1911 1127 divinae
1931 1097 2012 1129 aciei

323 1164 400 1190 tuae
427 1154 575 1199 refulges
601 1154 634 1185 in
654 1152 785 1197 gloriae
806 1150 1047 1185 inaccessibilis
1066 1150 1269 1196 splendore,
1290 1151 1324 1184 in
1344 1150 1564 1184 exultationis
1584 1149 1765 1184 insatiabili
1786 1150 2007 1184 iocunditate.

324 1215 420 1247 titinc
448 1224 508 1245 ncs
535 1211 778 1255 benignissime
805 1209 990 1242 intuearis:
1021 1208 1114 1241 illinc
1139 1207 1326 1242 benedicas
1352 1214 1384 1242 te
1402 1207 1697 1253 glorificantibus:
1714 1208 1810 1242 illinc
1836 1207 2012 1242 beatifices

324 1277 354 1304 te
380 1275 554 1303 canentes:
583 1267 678 1300 illinc
704 1265 893 1300 concordes
918 1265 1040 1299 orbem
1068 1271 1180 1299 terrae
1207 1271 1378 1310 pacatum.
1408 1265 1611 1299 Sacerdotes
1629 1265 1755 1298 iustitia
1776 1265 1809 1298 in
1834 1266 2011 1299 sanctitate

321 1328 529 1361 induantur:
557 1336 654 1370 reges
681 1323 780 1358 bonis
806 1323 970 1370 operibus
996 1325 1029 1356 in
1057 1323 1266 1357 orthodoxia
1293 1329 1412 1357 contra
1432 1321 1601 1356 barbaros
1621 1330 1822 1357 armentur:
1844 1325 2009 1358 monasti-

321 1397 394 1419 cam
423 1385 525 1418 sitam
553 1389 706 1417 tenentes
722 1408 730 1421 ,
759 1382 1056 1415 conversationem
1082 1381 1260 1426 aequalem
1287 1381 1490 1426 angelorum
1517 1392 1555 1414 ac
1581 1381 1654 1414 sine
1679 1381 1763 1415 dolo
1790 1381 2004 1417 custodiant:

320 1432 383 1477 riri
409 1440 632 1479 mulieribus,
660 1446 693 1474 et
719 1451 857 1474 rursum
885 1438 1046 1473 mulieres
1076 1439 1180 1477 viris,
1215 1444 1470 1484 competentem
1500 1436 1611 1483 legem
1641 1445 1858 1472 conservent.
1892 1440 2006 1473 Patres

319 1512 397 1534 cum
424 1499 502 1533 {iliis
520 1525 527 1538 ,
553 1498 725 1544 praelatos
751 1508 829 1531 cum
855 1496 1023 1536 subditis,
1052 1496 1212 1530 dominos
1238 1507 1317 1530 cum
1342 1496 1470 1535 servis,
1499 1501 1657 1529 mutuum
1689 1496 1809 1530 dantes
1835 1507 1912 1530 cum
1946 1496 2004 1530 de-

318 1556 489 1592 bitoribus
506 1583 514 1595 ‚
543 1555 780 1590 venundantes
806 1567 884 1589 cum
910 1553 1126 1600 emptoribus
1144 1567 1152 1589 ε
1174 1560 1354 1598 ceteraque
1373 1554 1489 1587 omnia
1509 1552 1760 1588 benivolentiae
1779 1560 1857 1588 tuae
1877 1553 2002 1588 affectu

318 1615 359 1647 ad
380 1613 562 1648 utilitatem
582 1613 668 1658 reip.
688 1619 849 1658 protege;
871 1618 905 1646 et
923 1618 1045 1645 cuncta
1064 1622 1153 1657 quae
1171 1609 1360 1644 secundum
1379 1609 1635 1655 beneplacitum
1655 1611 1715 1644 Dei
1735 1611 1835 1656 dirigi
1856 1609 2002 1646 debent.

318 1672 509 1717 patrocinio
528 1677 590 1704 tuo
608 1670 756 1704 defende
770 1683 777 1712 ;
807 1676 840 1704 et
866 1670 1049 1715 praecipue
1069 1669 1227 1702 alumnos
1252 1668 1434 1702 decoratae
1460 1669 1641 1713 Lipareosz
1672 1674 1845 1713 pastorem
1863 1678 2003 1712 quoque

317 1741 354 1763 ac
378 1740 516 1775 gregem
541 1729 600 1774 qui
627 1728 818 1762 construxit
847 1739 984 1761 sacrum
1016 1727 1185 1772 templum
1218 1732 1338 1760 tuum:
1368 1732 1401 1759 et
1431 1737 1511 1759 eum
1539 1726 1599 1770 qui
1630 1732 1663 1759 te
1680 1751 1698 1771 ,ᾖ
1717 1725 1795 1759 iicet
1821 1724 1999 1762 breviter,

315 1799 355 1822 ex
381 1799 416 1821 se
443 1786 583 1821 laudare
609 1786 814 1832 praesumit:
843 1787 878 1819 in
904 1786 1040 1819 Christo
1065 1786 1140 1818 Iesu
1167 1784 1312 1818 domino
1339 1790 1480 1821 nostro,
1502 1795 1606 1829 quem
1623 1783 1720 1817 decet
1741 1784 1853 1817 omnis
1871 1783 1999 1828 gloria,

316 1844 428 1878 honor
453 1851 486 1878 et
512 1844 688 1881 adoratio,
710 1855 788 1878 cum
814 1844 1051 1889 omnipotente
1078 1843 1196 1880 Patre,
1218 1853 1257 1876 ac
1283 1842 1498 1876 sanctissimo
1523 1847 1555 1876 et
1575 1840 1713 1874 vivifico
1731 1841 1857 1886 Spiritu
1875 1866 1883 1877 .
1910 1851 2000 1873 nunc

315 1908 344 1935 et
373 1913 508 1947 semper
534 1908 567 1935 et
594 1903 626 1935 in
653 1901 786 1935 saecula
812 1901 1041 1935 saeculorum.
1070 1901 1179 1933 Amen
1210 1899 1255 1945 1).

363 2080 383 2107 t)
404 2077 495 2109 Pei-,crit
516 2076 614 2103 deinde
633 2078 795 2104 Anastasius
814 2078 863 2104 sic.
887 2079 965 2104 Haec
986 2077 1021 2103 de
1045 2077 1122 2103 beati
1145 2076 1362 2104 Bartholomaec'
1383 2075 1516 2103 laudibus
1543 2077 1655 2109 eiusque
1680 2073 1853 2100 mirabiliter
1878 2070 1996 2097 advecto

315 2122 341 2146 ἱη
364 2122 489 2154 Liparim
514 2129 653 2156 corpore,
678 2121 839 2148 leeodorns
859 2120 947 2154 fama
975 2123 1162 2154 sanctitatis,
1189 2129 1224 2148 ac
1245 2120 1401 2147 sacerdotii
1429 2120 1570 2154 diqnz'lale
1599 2119 1781 2152 conspicuus,
1805 2115 1870 2150 fido
1900 2113 1994 2152 relatu

311 2165 456 2199 eaeplicnil.
478 2166 572 2192 Postea
593 2165 627 2192 de
645 2174 717 2200 penu
737 2173 787 2192 suo
805 2165 949 2200 subiungit
972 2165 1044 2192 idem
1065 2165 1229 2192 Anastasius
1250 2165 1436 2192 narrationem
1455 2163 1662 2191 transvectionis
1682 2161 1793 2188 illarum
1813 2159 1995 2194 reliquiarum

312 2215 339 2241 tn
360 2208 452 2235 urbem
470 2209 653 2236 Beneventum
677 2218 749 2237 anno
772 2210 884 2237 Domini
903 2210 1044 2237 DCCCIX.
