2203 3331
392 169 430 200 1Ῐῖ
442 168 455 199 l
936 177 963 198 S.
987 178 1160 200 Nttltfft’ltotzt
1189 178 1444 201 ANTtlutntitht'S
1472 180 1522 201 111.

386 236 556 275 nn'tuum,
582 241 610 265 ct
638 232 913 267 001101155101111111
935 235 1139 281 negotium,
1163 236 1382 270 horrendum
1402 249 1544 282 prorsus
1566 244 1600 269 et
1621 244 1780 272 mentem
1806 239 2074 289 orationemque

384 296 573 328 humanam
602 292 791 327 excedens!
816 292 1043 330 Videbantur
1067 296 1160 330 enim
1189 295 1328 330 telluris
1346 295 1443 343 quati
1465 295 1714 339 fundamenta,
1736 312 1846 346 eaque
1872 299 2075 336 cardinibus

382 366 549 388 concussa
578 352 684 386 everti
707 361 742 387 ct
762 353 924 397 distrahi,
948 370 1011 389 nee
1035 356 1103 390 iam
1123 356 1242 390 sedem
1269 369 1369 390 suam
1398 370 1601 404 nexumque
1632 364 1764 394 tenere.
1794 357 1874 404 Qua
1906 374 2011 408 super
2034 376 2073 395 re

382 413 493 448 xcrbis
516 414 733 461 parcendum
757 428 898 461 censeo;
921 430 1070 464 namque
1094 417 1249 463 ipsorum
1270 424 1557 464 sumptuosorum
1575 416 1839 462 aedificiorum,
1859 429 1894 455 et
1911 421 2072 456 villarum

380 474 698 517 ornatissimarum,
725 476 807 510 tuba
834 476 964 519 veluti,
992 477 1145 511 clamant
1173 477 1318 520 ruinae,
1344 492 1433 525 quae
1464 478 1660 513 incolarum
1688 492 1933 527 oppressorum
1959 483 2072 517 sactae

379 544 457 569 sunt
484 535 708 583 sepulturae:
733 537 816 571 haec
845 538 939 572 enim
968 538 1133 572 subversa
1163 545 1276 572 terrae
1307 547 1403 573 motu
1434 539 1591 574 aedilicia
1620 539 1704 574 l'ecit
1725 540 1773 574 eis
1800 542 1958 589 sepulcra
1980 543 2072 578 ultio

378 596 504 631 divina.
532 597 650 644 ,thue
674 598 758 632 baec.
788 598 1008 645 potissimum
1039 599 1212 633 calamitas
1243 599 1407 634 incubuit
1435 600 1527 634 circa
1553 599 1657 634 eolles
1681 609 1715 635 et
1736 601 1933 637 eminentes
1954 603 2069 646 locos,

378 672 465 705 quae
491 672 589 692 nunc
615 671 757 706 quoque
785 659 875 693 eirea
901 659 1030 705 regiam
1057 659 1181 693 urbem
1207 659 1336 695 rudera
1361 661 1486 696 iacent.

483 718 540 753 (56.
572 718 644 753 Sed
673 733 786 767 neque
815 720 902 755 a'e'ris
932 728 1101 763 terrores,
1125 729 1278 756 creatore
1307 722 1464 764 ostenso,
1487 722 1676 769 quiescere
1705 736 1743 757 ac
1773 723 1876 758 silere
1900 732 2068 772 poterant.

376 777 596 813 Videbantur
625 779 718 814 enim
749 789 834 814 tune
864 780 1069 815 bominibus
1098 781 1141 815 dc
1172 781 1265 816 eaelo
1294 781 1406 816 sidera
1435 782 1473 816 111
1504 791 1638 817 terram
1667 797 1750 818 eum
1781 784 1911 832 impetu
1948 786 2067 820 omnia

378 853 501 881 ruere,
525 839 570 873 ita
599 841 826 875 continenter
846 849 943 875 aerea
967 842 1229 889 perturbatione
1259 857 1319 890 per
1346 843 1503 877 universi
1533 843 1625 878 orbis
1655 844 1829 879 terminos
1857 845 1975 880 subito
2003 845 2067 881 dis-

375 900 470 935 1115113
495 901 597 935 51111111
620 901 714 936 0111111
736 902 930 949 eodemque
954 910 1109 950 tempore
1133 911 1209 937 tum
1230 903 1478 947 orientalium,
1504 912 1577 939 tum
1598 905 1858 953 liespericarum
1880 907 2065 953 regionum

375 960 509 995 incolae
523 990 530 1003 ,
554 970 587 996 ct
608 962 721 996 hicine
744 970 774 996 et
797 971 905 997 not-tu
919 991 927 1005 ,
950 963 1036 997 haec
1060 963 1137 997 sieri
1158 964 1332 1000 videbant.
1354 963 1433 999 Nee
1454 979 1535 999 vero
1557 965 1741 1014 quisquam
1755 994 1762 1008 ‚
1785 975 1889 1014 prout
1911 967 1947 1001 hi
1969 981 2067 1015 prae-

373 1022 455 1056 clari
477 1022 609 1057 faciunt
624 1051 632 1065 ,
655 1023 814 1058 caelestia
842 1024 925 1058 baec
940 1052 947 1065 ,
970 1024 1161 1059 nebulosos
1184 1025 1355 1073 quosdam
1376 1025 1575 1074 densosque
1596 1040 1737 1075 vapores
1762 1027 1871 1063 fuisse
1896 1028 2063 1072 obiiciat,

372 1082 499 1129 quibus
522 1083 612 1118 circa
644 1092 773 1118 terram
800 1092 856 1119 aer
885 1086 1054 1127 refertus,
1076 1084 1204 1120 deinde
1227 1099 1292 1120 suo
1314 1086 1457 1134 proprio
1488 1100 1592 1121 cursu
1617 1088 1652 1122 in
1676 1087 1786 1122 altum
1809 1089 1940 1131 elatus,
1962 1098 1995 1124 et
2024 1090 2061 1124 in

371 1143 518 1177 aetheris
538 1144 731 1191 permixtus
753 1145 912 1191 regione,
933 1145 1043 1180 calore
1068 1155 1258 1198 concepto,
1278 1146 1325 1181 ita
1343 1146 1437 1181 dieta
1456 1155 1547 1181 astra
1569 1147 1807 1183 discurrentia
1827 1150 2007 1193 effecerit,
2027 1159 2059 1185 et

371 1203 498 1238 faculas
521 1212 552 1238 et
575 1205 718 1240 titiones
739 1206 945 1253 appellatos,
968 1215 1120 1241 cometas
1141 1221 1306 1255 quoque,
1330 1215 1365 1241 et
1386 1207 1546 1242 barbatos
1569 1207 1745 1254 globulos,
1765 1216 1800 1242 et
1817 1223 2060 1257 quaecumque

368 1263 430 1298 alia
453 1265 655 1300 huiusmodi
682 1267 793 1301 solent
814 1267 1053 1314 phaenomena
1082 1281 1267 1315 apparereg
1294 1268 1353 1302 sed
1375 1268 1481 1315 probe
1504 1268 1584 1303 sciat
1599 1297 1607 1310 ‚
1629 1282 1759 1303 novum
1780 1283 1899 1304 revera
1926 1270 2059 1318 aliquid

370 1333 453 1359 tunc
484 1326 517 1360 in
547 1327 730 1362 elementis
759 1328 921 1365 extitisse.
950 1328 1093 1363 Etenim
1115 1329 1257 1364 modulo
1280 1329 1379 1364 solito
1407 1338 1513 1377 atque
1542 1329 1665 1364 ordine
1696 1339 1945 1373 excesserunt,
1967 1331 2059 1366 dolo-

368 1399 441 1420 rem
469 1400 574 1422 suum
603 1389 646 1422 ob
675 1403 730 1423 eas
757 1403 812 1424 res
834 1389 1067 1425 ostendentia.
1098 1388 1218 1438 Seque
1243 1390 1314 1438 ipsa
1336 1390 1593 1438 quodammodo
1621 1399 1748 1426 natura
1774 1391 1997 1434 imitabatur,
2020 1400 2058 1427 ut

369 1461 412 1481 ne
431 1456 508 1482 tum
527 1448 672 1497 quidem
692 1450 763 1498 pati
781 1450 975 1493 omitteret,
996 1465 1086 1499 quae
1109 1449 1251 1486 Christo
1269 1451 1458 1486 salutarem
1476 1451 1671 1499 passionem
1692 1452 1728 1486 in
1754 1466 1860 1486 cruce
1882 1452 2056 1490 obeunte.

368 1509 516 1543 creatori
544 1524 607 1545 suo
629 1525 668 1545 ae
694 1512 836 1546 domino
865 1512 1008 1561 patienti
1037 1526 1213 1560 compassa
1240 1513 1377 1559 fuerat3
1402 1526 1472 1561 quo
1502 1521 1657 1561 tempore
1679 1512 1864 1548 luminaria
1890 1514 2055 1549 caelestia

193 1583 266 1607 ‘mn
287 1585 330 1604 w.
366 1568 514 1604 invicem
543 1582 821 1615 concurrerunt,
845 1574 1085 1621 tenebraeque
1114 1573 1279 1608 insolitae
1309 1583 1341 1608 et
1371 1573 1660 1621 intempestivae.
1688 1574 1808 1609 diurni
1834 1574 1978 1609 luminis
2007 1588 2057 1609 se-

365 1629 453 1664 riem
478 1631 766 1680 interruperunt,
789 1642 821 1669 et
850 1643 967 1682 petrae
996 1634 1120 1669 scissae
1148 1644 1253 1678 sunt,
1279 1643 1313 1669 et
1341 1636 1513 1683 patefacta
1541 1635 1721 1683 sepulcra,
1745 1644 1780 1669 et
1806 1635 1941 1670 mortui
1971 1636 2056 1670 revi-

364 1700 517 1733 xerunt,
541 1701 575 1727 et
601 1702 774 1743 quotquot
799 1695 864 1729 alia
894 1704 981 1729 tunc
1008 1695 1252 1742 contigerunt,
1275 1703 1408 1730 statum
1430 1708 1535 1730 suum
1561 1703 1721 1730 creatura
1740 1703 1904 1732 novante.

468 1752 563 1788 Haec
590 1754 720 1789 scimus
749 1755 831 1790 olim
859 1769 1001 1804 quoque
1032 1755 1147 1804 impiis
1176 1755 1293 1791 Deum
1322 1755 1598 1798 comminatum,
1623 1765 1655 1791 et
1685 1769 1805 1804 reapse
1828 1755 1882 1790 his
1904 1756 2053 1804 impacta

362 1813 469 1848 fuisse.
484 1842 491 1850 .
517 1828 595 1849 011111
624 1815 800 1850 elementa
822 1817 911 1851 fines
934 1831 1013 1851 suos
1036 1826 1287 1860 excesserunt,
1311 1816 1440 1852 divinis
1469 1817 1701 1865 obsequentia
1725 1817 1883 1852 nutibus.
1911 1816 2053 1851 Discre-

362 1873 421 1908 det
443 1883 558 1910 autem
581 1890 685 1911 nemo
700 1905 708 1920 ,
729 1877 798 1912 nisi
820 1878 908 1912 forte
929 1876 999 1912 Dei
1020 1877 1235 1913 iudiciorum
1258 1879 1455 1925 ignorantia
1477 1878 1617 1913 laborat.
1642 1878 1718 1912 Nos
1738 1877 1883 1929 quidem
1904 1877 2051 1925 seriptu-

119 1950 125 1956 ·
146 1949 211 1969 rm.
228 1951 265 1970 λιι
292 1954 323 1972 21.
363 1935 406 1969 ris
427 1950 444 1970 a
467 1946 590 1972 sancto
615 1937 752 1986 Spiritu
774 1939 912 1974 dictatis
933 1948 1068 1987 oportet
1091 1940 1244 1975 credere.
1268 1947 1290 1961 ‘⁵
1316 1939 1422 1988 Impii
1446 1939 1679 1987 replebuntur
1702 1939 1802 1973 malis
1829 1940 1855 1974 *ἦ
1883 1938 1927 1973 Et
1942 1967 1950 1980 ‚
1974 1952 2051 1986 pee-

195 2004 201 2010 '
220 2003 275 2022 ΧΗΙ»
292 2007 323 2024 ³1-
363 2025 385 2039 .,
415 2006 535 2032 cantes
558 2009 821 2048 persequentur
849 2000 935 2035 mala
956 2002 983 2035 *ἦ
1008 2000 1073 2044 Et,
1095 2001 1221 2049 impius
1250 2001 1287 2035 in
1311 2000 1442 2035 malitia
1472 2014 1534 2035 sua
1561 1999 1692 2048 peribit
1712 2001 1739 2034 *ἦ
1762 1999 1828 2042 Et,
1850 2007 2049 2034 reservatur

192 2030 199 2036 '
217 2029 274 2049 Mt.
292 2035 324 2051 ’12-

193 2065 200 2072 “
218 2064 274 2084 Μ’·
294 2069 322 2085 ¹0·
363 2087 385 2095 ..
414 2059 455 2093 ad
479 2059 572 2094 diem
594 2061 718 2095 malam
739 2063 765 2096 *ἦ
793 2061 854 2104 lit,
878 2062 912 2096 in
936 2062 1055 2097 sinum
1078 2070 1329 2097 convertentur
1350 2070 1479 2097 cuncta
1501 2061 1633 2109 iniquis
1654 2062 1680 2097 *ἃ
1707 2089 1729 2103 „
1751 2060 1873 2095 Palam
1896 2068 1948 2095 est
1968 2074 2050 2095 con-

145 2092 151 2097 ·
167 2090 222 2109 xtt.
240 2095 271 2110 κι.
289 2098 322 2113 ¹:1⁷.

362 2127 411 2152 tra
445 2120 645 2156 sodomitas
673 2122 812 2156 divinae
846 2122 915 2156 irae
945 2122 1195 2157 demonstratio
1226 2130 1257 2157 et
1288 2123 1463 2171 correptio
1481 2151 1488 2165 ,
1518 2136 1599 2156 cum
1629 2121 1730 2169 ignea
1759 2121 1875 2169 pluvia
1905 2121 2049 2156 deseen-

359 2180 462 2223 dens,
486 2182 602 2216 omnia
625 2183 775 2230 regionis
798 2184 874 2217 eins
898 2183 1095 2218 circulatim
1115 2184 1305 2231 depascens
1327 2183 1459 2230 redegit
1481 2183 1516 2217 111
1541 2183 1715 2228 0100101115
1736 2182 1951 2231 quibuscum
1973 2183 2048 2216 fini-

361 2241 525 2276 timorum
546 2257 686 2291 quoquc
708 2245 899 2279 nonnullas
928 2245 1033 2279 urbes
1055 2244 1142 2292 ignis
1170 2245 1383 2293 absumpsit,
1405 2259 1553 2293 quarum
1577 2259 1676 2279 nunc
1702 2244 1839 2287 adhuc,
1860 2252 1900 2279 ut
1924 2243 2022 2278 aiunt
2038 2272 2045 2285 ,

360 2302 487 2336 indicia
509 2313 706 2351 supersunt.
729 2305 827 2351 Quin
851 2314 885 2340 et
907 2315 1008 2340 antea
1030 2320 1201 2354 aquarum
1223 2306 1396 2341 diluvium
1417 2306 1550 2341 mundo
1573 2313 1845 2354 supervenerat3
1868 2319 1938 2353 quo
1961 2313 2046 2339 tem·

357 2376 437 2409 pore
465 2363 613 2410 pluviale
644 2366 718 2399 sine
747 2366 817 2401 fine
847 2367 1001 2409 eaelum,
1025 2367 1231 2401 immensam
1252 2381 1355 2414 supra
1378 2375 1583 2415 peccatores
1606 2367 1831 2401 insolitarum
1857 2373 1964 2413 atque
1993 2365 2046 2399 111-

358 2423 579 2458 credibilium
608 2439 777 2472 aqnarum
807 2427 941 2475 copiam
971 2427 1118 2462 essudit:
1144 2441 1226 2462 eum
1254 2427 1390 2462 inferne
1421 2428 1530 2475 abyssi
1560 2429 1674 2462 sontes
1703 2434 1786 2461 sunt
1814 2425 1967 2473 dirupti,
1991 2439 2045 2459 su-

356 2497 462 2530 perne
490 2494 608 2519 autem
639 2487 725 2520 caeli
755 2496 962 2523 catarractae
992 2489 1180 2536 patefactae
1209 2497 1290 2523 sunt
1308 2517 1316 2532 ,
1346 2489 1517 2524 universis
1546 2487 1691 2523 omnino
1719 2486 1954 2535 pereuntibus
1972 2514 1980 2528 ,
2009 2494 2042 2519 et

357 2545 498 2579 eunctis
526 2554 636 2580 terrae
665 2548 908 2583 cacuminibus
936 2547 1090 2585 obrutis:
1115 2564 1209 2585 unus
1239 2558 1357 2585 autem
1385 2550 1497 2584 iustus
1519 2548 1568 2583 vir
1592 2561 1675 2583 eum
1694 2547 1812 2582 liberis
1835 2555 1939 2595 atque
1969 2560 2044 2581 mu—

356 2605 500 2641 lieribus
523 2621 601 2641 arca
623 2607 735 2653 lignea
765 2623 869 2657 supra
896 2624 999 2657 aquas
1027 2610 1163 2645 delatus
1186 2611 1374 2646 incolumis
1403 2610 1491 2652 suit,
1513 2609 1601 2644 alter
1625 2608 1734 2643 veluti
1762 2608 1942 2649 Adamus,
1964 2606 2041 2641 Deo

353 2667 559 2710 miserante,
576 2682 619 2702 ne
641 2669 844 2704 universum
866 2670 901 2704 in
925 2679 1014 2705 terra
1036 2672 1232 2706 humanum
1252 2686 1364 2719 genus
1384 2671 1560 2706 deficeret.
1584 2669 1677 2714 Quia
1698 2669 1807 2716 igitur
1828 2669 1921 2704 baud
1944 2668 2041 2703 iuxta

355 2737 496 2764 naturae
527 2743 669 2764 cursum
692 2729 746 2763 illa
770 2740 985 2774 evenerunt,
1007 2747 1079 2766 non
1110 2733 1207 2767 enim
1235 2734 1321 2767 fines
1351 2746 1432 2767 suos
1462 2731 1626 2765 caelestia
1648 2739 1855 2771 servarunt,
1879 2729 1967 2764 nihil
1988 2744 2042 2763 ve-

355 2790 422 2824 tuit
450 2790 538 2838 quin
568 2798 684 2838 postea
712 2790 749 2823 in
782 2799 905 2824 terram
941 2792 1028 2838 ignis
1063 2793 1247 2842 sull'nrquc
1276 2808 1294 2828 a
1321 2792 1477 2828 Domino
1511 2791 1673 2839 plueret,
1702 2790 1892 2839 subitoque
1922 2789 2038 2825 onmia

354 2859 597 2887 exurerentur.
630 2850 761 2899 Utique
791 2851 994 2886 imminebat
1023 2853 1202 2888 manifeste
1233 2853 1303 2888 irae
1331 2853 1462 2888 fulmen
1478 2881 1485 2894 ,
1508 2852 1576 2887 nisi
1599 2851 1668 2887 Dei
1690 2860 1771 2886 nota
1794 2850 2040 2899 praevaluisset
