2203 3331
353 186 374 208 tt
1120 186 1268 209 EntTonts

348 261 405 283 rae
434 247 606 281 vaticanae
632 245 830 284 codicibus,
860 247 974 293 primo
999 248 1140 294 quidem
1167 256 1246 283 octo
1271 249 1354 283 mihi
1381 257 1578 296 compertae
1604 260 1683 287 sunt
1709 257 1937 301 panegyristae
1956 269 2037 292 ora-

348 307 456 339 tiones
484 306 587 349 (nam
614 304 658 337 dc
683 304 784 338 editis
816 316 908 339 nunc
939 306 1024 340 sileo
1044 333 1052 345 ,
1087 319 1165 340 cum
1198 307 1343 341 dixerim
1371 308 1405 341 in
1439 308 1519 342 adn.
1556 321 1592 355 p.
1621 312 1708 358 77.)
1742 325 1864 359 graece
1896 316 2036 361 inquam

346 374 466 396 omncs
496 361 645 395 ineditae
662 384 674 399 ,v
704 368 773 395 trcs
807 368 920 396 tamen
954 363 1058 398 latine
1089 364 1248 410 vulgatae
1266 391 1274 403 ,
1309 365 1343 398 id
1371 371 1420 399 est
1447 365 1490 399 de
1521 373 1591 401 nat.
1621 369 1653 402 S.
1688 370 1763 404 loh.
1791 372 1905 417 Bapt.‚
1934 380 1969 407 et
1993 373 2037 407 de

346 420 511 466 apostolis
530 419 700 458 Iohanne,
723 431 762 453 ac
780 420 1066 460 Bartholomaco,
1087 434 1192 467 quam
1212 429 1422 468 postremam
1441 425 1550 458 serius
1570 426 1701 465 inveni,
1723 427 1871 474 ideoque
1890 430 1924 463 in
1944 430 2037 464 calce

345 484 479 511 tantum
504 476 691 510 voluminis
718 478 814 523 potui
841 479 1025 513 collocare.
1056 480 1124 513 Has
1149 491 1214 525 ego
1241 491 1348 525 aeque
1374 492 1495 515 omnes
1521 482 1644 517 latinas
1669 483 1758 524 feci,
1787 487 1913 520 omissa
1933 487 2036 521 etiam

346 535 600 580 praedictarum
627 536 731 568 trium
759 535 925 570 latinitate
951 538 1118 571 Anastasii
1146 544 1179 571 ct
1205 537 1400 572 Combetisii
1426 539 1682 585 interpretum:
1710 543 1771 576 etsi
1803 544 1895 577 enim
1921 544 2038 579 latini-

346 599 449 626 tatem
478 604 590 627 meam
616 593 703 627 nulli
730 593 908 639 praefero,
937 600 1088 628 attamen
1113 607 1176 629 nec
1202 589 1312 629 aliena
1337 608 1438 642 saepe
1465 596 1640 642 placebat,
1668 599 1723 633 vel
1749 601 1831 645 quia
1854 601 1977 636 durior
2002 609 2037 636 et

345 650 550 689 obscurior,
583 650 638 684 vel
664 651 745 696 quia
771 651 889 685 multis
918 651 1007 685 male
1032 652 1226 686 intellectae
1250 655 1442 698 graecitatis
1468 655 1720 700 sphalmafibus
1744 663 1890 691 scatens.
1919 659 2037 704 Itaque

346 715 383 741 ut.
409 720 497 741 unus
523 713 611 741 esset
637 715 717 742 octo
742 710 940 743 orationum
965 708 1063 742 color
1080 734 1087 747 ‚
1111 721 1199 743 nova
1221 711 1335 756 potius
1354 712 1592 758 interpretatio
1611 724 1629 746 a
1649 713 1750 747 nobis
1769 715 1922 749 curanda
1948 716 2035 755 fuit,

345 771 403 799 aut
429 772 522 799 certe
547 767 581 799 in
607 765 719 799 tribus
744 766 813 799 illis
841 767 966 812 passim
992 766 1249 812 interpolanda.

418 825 477 857 ltt.
505 825 615 858 Porro
641 824 702 858 has
728 825 952 869 panegyricas
977 825 1152 858 orationes
1177 836 1195 858 a
1217 825 1402 860 Theodoro
1421 827 1577 861 nondum
1605 828 1822 874 hegumeno,
1845 830 1904 864 sed
1925 831 2039 865 adhuc

347 883 470 916 iuvene
488 908 496 921 ,
516 888 549 916 et
569 881 770 928 hegumenis
796 881 953 927 (Platoni
974 888 1075 926 puta,
1097 882 1193 915 cuius
1213 888 1332 927 postea
1357 883 1461 918 funus
1478 887 1637 920 oratione
1656 887 1855 933 decoraxit)
1876 888 2035 927 subdito,

347 940 455 974 dictas
474 945 633 985 apparet,
655 945 729 973 tum
747 939 875 973 diserte
893 950 935 972 ex
952 939 1008 972 lv.
1027 950 1062 984 p.
1082 940 1140 972 34.
1157 945 1191 972 et
1210 941 1268 973 142.
1285 940 1326 974 V.
1343 952 1379 986 p.
1397 941 1458 975 52.
1479 944 1537 975 62.
1560 954 1623 977 nec
1641 955 1712 977 non
1732 956 1773 978 ex
1791 946 1878 979 Vlll.
1897 957 1933 991 p.
1955 947 2036 986 151,

347 1004 420 1031 tum
445 999 525 1043 quia
551 998 701 1031 elocutio
728 996 894 1031 tumidior
919 1003 954 1030 et
979 997 1058 1042 plus
1083 995 1204 1030 debito
1230 997 1406 1043 amplifica
1423 1024 1432 1037 ‚
1460 999 1608 1034 insolitis
1637 1002 1741 1035 etiam
1772 1002 1951 1038 vocabulis
1977 1016 2039 1038 au-

347 1054 422 1088 daci
449 1054 700 1100 compositione
726 1054 864 1087 conexis
881 1080 889 1093 ,
917 1053 1091 1088 redundat
1116 1059 1150 1087 et
1176 1053 1306 1093 floret,
1335 1066 1397 1089 nec
1427 1055 1599 1101 placidam
1628 1059 1713 1091 senii
1747 1058 1922 1093 lenitatem
1939 1087 1947 1099 ,
1981 1067 2038 1094 aut

346 1112 531 1157 hegumeni
562 1111 764 1156 gravitatem
784 1122 866 1156 prae
885 1122 920 1144 se
938 1110 1020 1149 fert,
1042 1122 1105 1145 nec
1123 1117 1278 1145 maturae
1303 1112 1437 1146 critices
1463 1124 1612 1147 canones
1637 1115 1717 1147 satis
1735 1116 1910 1160 sequitur?
1925 1119 2037 1163 Roga-

347 1168 397 1202 bit
426 1175 540 1202 autem
567 1168 709 1202 fortasse
739 1168 863 1214 aliquis
891 1168 975 1214 quid
999 1180 1065 1215 ego
1096 1168 1140 1203 de
1169 1169 1222 1202 his
1252 1170 1468 1215 panegyricis
1493 1171 1651 1204 sentiam.
1683 1172 1854 1217 Equidem
1888 1175 2038 1219 primam

347 1227 539 1260 orationem
558 1226 651 1260 haud
671 1227 768 1272 parvi
792 1225 900 1265 facio,
928 1227 1009 1272 quia
1032 1226 1170 1272 plenam
1189 1226 1294 1261 tradit
1312 1239 1352 1261 ex
1372 1234 1489 1262 vetere
1509 1239 1548 1261 ac
1570 1240 1664 1262 novo
1683 1235 1889 1264 testamento
1908 1231 2040 1265 doctri-

349 1295 429 1318 nam
459 1284 503 1318 de
531 1284 678 1328 angelis,
707 1289 811 1329 prout
841 1295 918 1318 eam
939 1285 1082 1318 orientis
1107 1284 1249 1319 ecclesia
1274 1285 1447 1330 simulque
1472 1285 1662 1320 occidentis
1686 1287 1825 1320 retinet.
1852 1288 2040 1327 Profuisset

346 1342 452 1387 igitur
470 1341 553 1375 haec
571 1341 683 1375 oratio
706 1341 878 1387 theologis
902 1340 1130 1387 scriptoribus
1157 1341 1201 1375 de
1225 1353 1263 1375 re
1283 1341 1457 1387 angelica,
1485 1343 1513 1376 si
1539 1353 1615 1376 eam
1635 1338 1890 1389 cognovissent.
1916 1345 2041 1391 Utique

349 1405 429 1433 sunt
454 1400 489 1433 in
516 1400 588 1445 ipsa
614 1400 796 1445 opiniones
822 1411 894 1434 non
919 1399 1035 1433 solum
1060 1405 1172 1434 certae
1197 1411 1236 1433 ac
1261 1399 1496 1445 dogmaticae,
1516 1411 1640 1434 verum
1658 1407 1692 1434 et
1710 1401 1796 1435 aliae
1814 1402 1944 1437 multae
1962 1404 2039 1449 piae

348 1468 387 1490 ac
412 1455 630 1503 probabiles,
653 1468 692 1491 ac
709 1463 907 1491 sanctorum
925 1457 1058 1503 placitis
1075 1468 1260 1491 consonae.
1282 1457 1326 1491 Ut
1345 1469 1455 1491 unum
1472 1457 1595 1491 saltem
1616 1458 1817 1504 exemplum
1840 1459 2036 1505 proferam,

350 1513 409 1547 nbi
437 1514 519 1548 dicit
543 1514 745 1548 Theodorus
771 1526 806 1560 p.
830 1516 866 1548 3.
885 1521 920 1548 et
944 1515 978 1548 t.
1008 1515 1227 1548 commissam
1253 1526 1272 1549 a
1298 1515 1370 1548 Deo
1398 1515 1528 1560 angelis
1555 1515 1773 1560 singulorum
1799 1516 1958 1551 locorum
1982 1518 2038 1551 vel

314 1602 316 1606 ,
351 1582 468 1605 rerum
493 1572 635 1606 tutelam
651 1599 660 1611 ‚
688 1584 764 1606 ecce
789 1584 962 1607 consonus
981 1573 1076 1607 adest
1097 1574 1130 1607 S.
1157 1573 1370 1618 Augustinus
1389 1573 1424 1607 in
1448 1574 1649 1618 quaestione
1673 1575 1732 1607 79.
1759 1573 1789 1619 1)
1818 1573 1871 1608 his
1896 1573 2037 1609 verbis:

350 1640 584 1675 unaquaeque
602 1641 655 1663 res
674 1629 821 1664 visibilis
841 1629 877 1663 in
896 1629 961 1664 lzoc
978 1630 1110 1664 mundo
1128 1628 1234 1663 habet
1248 1638 1461 1677 potestatem
1481 1630 1685 1676 angelicam
1704 1620 1775 1664 s'ibi
1791 1631 2014 1678 propositam
2027 1660 2035 1669 ,

349 1685 441 1719 sieut
466 1686 602 1733 aliquot
627 1688 712 1722 locis
737 1688 860 1722 divina
885 1687 1063 1734 scriptura
1089 1696 1253 1721 testatur.
1282 1687 1440 1722 Secunda
1464 1698 1605 1734 quoque
1624 1689 1737 1722 oratio
1763 1689 1807 1722 de
1825 1689 1949 1723 Christi
1976 1702 2040 1724 no-

351 1750 492 1790 stroque
531 1743 728 1791 baptismo,
767 1746 962 1791 dogmatica
993 1745 1064 1779 fere
1099 1752 1162 1779 est.
1201 1746 1349 1780 Tertiam
1381 1745 1425 1779 de
1455 1745 1643 1791 paschate,
1677 1757 1740 1780 nec
1774 1758 1845 1780 non
1880 1746 1966 1780 duas
1996 1747 2041 1781 de

352 1802 384 1833 S.
415 1801 489 1835 loh-
518 1803 573 1841 B.,
602 1815 672 1837 non
697 1803 882 1849 spernebat
908 1809 1000 1837 certe
1024 1803 1213 1843 Arcudius,
1240 1804 1301 1848 qui
1325 1814 1381 1837 eas
1406 1802 1492 1836 olim
1518 1803 1562 1836 ad
1588 1803 1812 1837 Sirmondum
1838 1805 1873 1837 in
1895 1804 2040 1838 Galliam

351 1859 461 1897 misit,
489 1871 699 1906 quamquam
726 1861 781 1895 hic
806 1868 918 1895 morte
943 1867 1131 1906 occupatus
1155 1861 1298 1894 intactas
1323 1860 1488 1894 deseruit.
1509 1861 1550 1894 Et
1569 1860 1711 1906 quidem
1736 1861 1772 1894 in
1797 1860 1953 1895 oratione
1978 1872 2040 1906 pa—

351 1918 456 1952 schali
482 1918 712 1964 fragmentum
733 1920 820 1953 illud
840 1920 1077 1965 Chrysostomi
1097 1920 1264 1952 insertum
1282 1919 1451 1957 occurrit,
1473 1918 1569 1963 quod
1596 1918 1683 1952 nulli
1705 1918 1741 1951 in
1767 1924 1945 1964 posterum
1974 1920 2041 1952 cri-

354 1977 407 2010 tici
432 1978 619 2022 genuinum
646 1989 717 2011 non
738 1977 968 2023 reputabunt:
995 1977 1198 2023 praesertim
1216 1977 1298 2022 quia
1324 1976 1450 2021 legitur
1476 1977 1579 2009 etiam
1606 1987 1685 2009 cum
1713 1976 1951 2021 Chrysostomi
1977 1987 2043 2009 no-

351 2035 442 2068 mine
464 2036 498 2069 in
523 2035 641 2069 codice
668 2037 817 2070 naniano
847 2038 906 2069 70.
940 2035 1030 2082 apud
1060 2034 1314 2073 Mittarellium,
1338 2040 1370 2068 et
1391 2033 1532 2079 quidem
1557 2044 1636 2067 cum
1664 2033 1794 2067 Studita
1814 2039 1934 2067 nostro
1957 2045 2041 2067 con-

352 2094 519 2127 iunctum.
549 2094 587 2127 In
613 2100 705 2127 sexta
732 2095 889 2128 oratione
914 2093 957 2127 de
982 2094 1148 2139 Dciparae
1173 2092 1271 2126 obitu
1297 2103 1358 2125 seu
1381 2092 1555 2144 metastasi
1578 2091 1674 2136 pium
1695 2102 1797 2126 suum
1816 2101 1897 2136 erga
1918 2092 2042 2125 Divam

353 2151 504 2184 animam
531 2150 679 2185 effundit
704 2151 919 2185 Theodorus.
948 2152 997 2184 De
1024 2151 1168 2196 septima
1195 2155 1228 2182 et
1254 2155 1374 2183 octava
1400 2148 1486 2194 quid
1513 2148 1650 2182 dicam?
1675 2149 1746 2182 Etsi
1772 2148 1837 2182 hae
1863 2148 1947 2181 mihi
1975 2149 2042 2181 mi—

352 2219 416 2242 nus
437 2208 635 2254 placerent,
666 2209 795 2254 placuit
819 2215 910 2243 certe
936 2215 1056 2243 octava
1078 2214 1156 2241 ante
1186 2207 1282 2241 mille
1312 2218 1421 2241 annos
1446 2207 1626 2240 Anastasio
1653 2206 1919 2240 bibliothecario
1939 2232 1947 2244 ‚
1980 2207 2042 2251 qui

353 2277 427 2299 eam
448 2267 731 2312 interpretatione
751 2278 809 2301 sua
834 2266 1064 2312 laudibusque
1082 2265 1343 2300 condecoravit:
1365 2264 1494 2310 placuit
1516 2265 1598 2298 item
1620 2263 1749 2298 Allatio
1771 2265 1831 2309 qui
1851 2275 1926 2298 eam
1943 2275 2043 2309 grae—

354 2334 390 2356 ce
409 2324 442 2355 in
469 2326 656 2368 symmictis
681 2336 716 2358 se
741 2325 916 2358 editurum
941 2330 1130 2370 receperat.
1160 2323 1289 2357 Placuit
1316 2324 1462 2368 septima
1485 2321 1695 2356 Combefisio
1718 2323 1802 2355 item
1831 2322 2010 2368 interpreti
2030 2347 2038 2357 ,

353 2382 412 2425 qui
432 2393 502 2414 non
521 2381 691 2416 dubitavit
710 2383 996 2428 elegantissimam
1017 2382 1204 2428 appellare.
1233 2381 1299 2415 Sed
1317 2387 1351 2415 et
1370 2381 1455 2415 aliae
1477 2392 1535 2414 sex
1559 2381 1694 2426 priores
1719 2380 1924 2426 placuerunt
1950 2385 2041 2412 certe

353 2438 539 2472 Sirmondo
563 2440 622 2484 qui
648 2439 747 2485 prelo
773 2452 828 2474 eas
851 2439 1093 2474 destinaverat.
1126 2440 1174 2472 Ex
1206 2439 1292 2473 olim
1317 2450 1402 2473 vero
1427 2438 1551 2477 editis,
1583 2438 1712 2484 placuit
1741 2437 1785 2471 de
1811 2448 1911 2471 cruce
1941 2436 2041 2470 Gret-

354 2507 430 2529 sero
447 2522 454 2535 ‚
482 2495 525 2530 de
550 2497 726 2530 nativitate
750 2498 914 2543 Deiparae
940 2498 1106 2543 Lequinio
1125 2523 1133 2536 ,
1155 2497 1198 2530 de
1218 2497 1417 2530 inventione
1443 2497 1563 2542 capitis
1576 2497 1609 2529 S.
1630 2495 1868 2529 Praecursoris
1884 2493 2013 2539 Cangio
2029 2519 2038 2532 ,

354 2554 397 2587 de
422 2565 548 2599 magno
572 2554 717 2587 Arsenio
744 2561 778 2588 et
803 2555 846 2588 de
871 2555 1012 2589 Platone
1037 2556 1202 2601 magistro
1226 2554 1476 2589 Bollandianis.
1497 2556 1583 2588 Nam
1602 2563 1840 2598 quaecumque
1863 2563 1881 2585 a
1908 2552 2043 2597 magnis

355 2611 512 2645 doctrina
536 2618 570 2645 et
599 2613 775 2646 sanctitate
801 2613 884 2646 viris
915 2614 1040 2659 scripta
1069 2613 1269 2659 prodeunt,
1302 2624 1342 2647 ea
1374 2613 1514 2647 demum
1543 2622 1660 2645 carere
1684 2611 1779 2644 omni
1810 2609 1957 2644 utilitate
1983 2615 2042 2644 aut

357 2670 483 2703 merito
511 2675 699 2714 nequeunt.

353 2778 461 2806 romum
482 2786 579 2814 papam
591 2800 598 2811 ,
621 2786 704 2814 quam
726 2787 741 2806 a
759 2779 941 2807 schismaticis
955 2785 1044 2815 postea
1067 2781 1137 2808 male
1155 2785 1310 2808 truncatam
1324 2780 1495 2808 restituimus
1506 2779 1642 2812 integram
1657 2786 1706 2806 nos
1720 2778 1747 2805 in
1764 2778 1814 2805 hac
1827 2782 1920 2805 nostra
1936 2778 1988 2804 ΡΡ.
2002 2777 2045 2805 bi-

354 2823 489 2850 btiotheca
502 2824 533 2850 T.
552 2824 596 2849 tV.
614 2831 640 2858 p.
657 2826 700 2850 51.
716 2824 770 2850 Cur
793 2831 858 2858 ergo
881 2823 1038 2852 furentibus
1062 2829 1155 2860 postea
1179 2824 1307 2852 adversus
1332 2833 1400 2852 rom.
1421 2823 1534 2860 sedent.
1555 2823 1634 2858 eique
1653 2822 1838 2850 obedientiam
1858 2821 2043 2857 negantibus,

355 2867 452 2894 Photio
473 2876 505 2895 ae
523 2868 667 2895 Cerulario
680 2889 688 2900 ,
712 2876 806 2896 aurem
831 2868 1033 2903 praebeamus?

404 2915 426 2944 1)
446 2912 518 2940 Edit.
539 2913 663 2940 Maurin.
684 2914 715 2940 T.
737 2914 783 2940 vl.
811 2922 837 2948 p.
858 2916 903 2941 50.
923 2915 957 2940 D.
