2203 3331
174 469 182 478 ⁸
201 466 232 487 Ps.
249 465 325 486 thlll.
341 468 359 484 S.

240 590 275 603 ιίκ
291 590 312 609 p,
329 586 360 603 237.

159 1497 167 1503 ·
185 1493 279 1514 Malam.
299 1494 313 1513 l.
333 1496 363 1514 ιι).

161 1854 170 1863 “
187 1853 220 1872 Ρκ.
236 1852 327 1872 ,xxxix
347 1854 367 1871 7.

181 1916 191 1923 '
206 1913 241 1933 Px
257 1913 333 1933 xmx.
349 1916 367 1932 ΕΙ.

239 1977 245 1986 '
263 1975 289 1995 1³.
306 1975 322 1995 l.
340 1978 369 1995 Η.

398 142 461 176 196
985 149 1013 173 s.
1040 149 1209 173 Nicernom
1237 146 1471 171 APOLOGETICL'S

396 218 429 243 et
457 206 702 255 superstitione
732 205 906 247 laborant,
930 205 995 253 ipsi
1024 206 1130 253 magis
1158 212 1266 239 semet
1292 212 1483 245 accusent,
1512 210 1620 238 semet
1647 200 1901 251 reprehendant
1926 202 1963 236 hi
1991 216 2059 237 see-¹

397 268 473 303 lesti
502 275 603 315 atque
633 266 827 301 derideant.
855 265 947 301 Nam
968 265 1034 301 Dei
1064 275 1157 301 certe
1188 264 1330 299 eeclesia
1359 263 1578 298 immaculata
1604 272 1654 298 est
1681 272 1713 298 et
1735 272 1827 299 extra
1855 276 1994 298 omnem
2014 264 2058 297 vi-

399 328 653 376 tuperationem
680 327 799 375 posita.
827 326 870 361 Et
899 326 990 362 idola
1018 328 1162 375 quidem
1192 327 1258 361 iam
1286 325 1456 367 silentur,
1485 339 1574 373 quae
1603 339 1722 373 reapse
1754 324 1888 360 silentio
1921 324 2058 372 altaque

398 388 566 423 oblivione
588 388 689 435 digna
712 396 804 424 sunt.
832 388 977 423 Utinam
998 402 1076 422 vero
1102 395 1133 422 et
1154 387 1188 422 hi
1211 386 1388 421 silentium
1415 399 1526 433 aeque
1549 399 1588 420 ac
1610 385 1666 420 illa
1693 386 1884 420 servarent!
1907 391 1929 406 “
1956 383 2060 419 Simi-

400 477 422 491 ,,
450 448 496 482 les
524 448 653 496 quippe
681 448 765 482 siant
792 447 851 496 qui
880 448 1013 482 faciunt
1042 462 1102 490 ea,
1126 456 1160 482 et
1187 460 1308 480 omnes
1330 446 1389 493 qui
1411 445 1596 480 confidunt
1624 444 1660 479 in
1691 444 1738 479 eis
1757 447 1784 480 *ἦ
1809 473 1831 488 ,‚
1851 444 1995 479 Etenim
2018 444 2060 479 si-

397 510 464 543 lere
493 509 616 543 melius
644 517 692 543 est
718 516 821 557 atque
850 508 990 551 utilius,
1012 522 1116 556 quam
1145 507 1245 555 impie
1275 506 1486 554 scelesteque
1513 505 1630 553 loqui,
1655 519 1741 553 quae
1770 519 1834 540 nec
1862 505 1975 540 dicere
2004 519 2061 539 ne-

396 583 464 617 que
493 576 610 603 mente
639 568 766 615 agitare
795 568 876 603 lieet
903 567 942 602 Iis
969 568 1031 615 qui
1060 567 1212 601 melioris
1239 566 1348 613 frugis
1370 574 1451 600 sunt
1474 565 1632 600 studiosi.
1662 565 1752 610 Quis
1774 565 1867 599 enim
1887 574 1957 599 tam
1981 579 2062 599 con-

397 630 504 663 fessae
528 628 692 663 stultitiae
716 637 786 670 est,
808 629 868 676 qui
888 628 1031 662 istorum
1052 641 1157 661 vanos
1178 627 1368 675 stultosque
1399 639 1572 660 sermones
1601 625 1722 660 audire
1750 625 1925 673 patiatur?
1953 624 2039 670 Quis
2054 654 2061 667 ‚

398 690 541 737 inquam
555 717 563 731 ‚
586 689 630 723 ita
659 703 762 723 sensu
793 702 913 723 carens
927 717 935 729 ,
958 696 989 722 et
1011 696 1128 722 mente
1149 688 1357 722 subversus?
1385 686 1498 722 Nemo
1519 686 1604 720 adeo
1623 685 1790 720 heluinus
1806 714 1813 728 ‚
1837 694 1870 720 et
1895 686 1989 720 omni
2010 699 2064 733 pe-

398 750 508 784 cudea
532 749 667 783 inscitia
689 749 925 797 insipientior,
945 748 1048 782 immo
1069 762 1113 782 ne
1135 747 1335 795 arreptitius
1354 746 1497 795 quidem
1519 746 1643 794 aliquis
1665 755 1727 781 aut
1749 746 1898 780 furiosus
1915 754 1984 787 est,
2003 746 2065 794 qui·

401 811 544 846 istorum
572 810 708 845 balatus
730 819 761 844 et
783 810 1011 844 deliramenta
1038 808 1170 843 toleret.
1193 807 1445 843 Verumtamen
1467 808 1556 842 haec·
1575 807 1705 842 ethnici
1726 807 1870 855 quidem
1896 807 2064 849 luserint,

399 880 474 906 tum
501 871 603 914 olim,
626 880 699 906 tum
728 871 830 905 etiam
852 870 911 918 qui
931 869 1020 917 apud
1043 883 1103 903 nos
1126 869 1343 903 ethnicorum
1371 881 1465 903 more
1494 869 1623 903 vivunt.
1652 868 1683 902 Α
1712 868 1810 903 nobis
1839 876 1953 903 autem
1980 867 2069 902 eola-

401 941 456 967 tur
479 932 638 967 Christus
660 940 793 973 noster,
814 939 915 978 atque
938 929 974 964 in
995 929 1138 964 veritate
1162 937 1196 963 et
1217 929 1341 976 spiritu
1365 928 1545 971 adoretur,
1565 943 1629 964 ceu
1651 928 1750 964 Deus
1774 929 1878 963 simul
1901 937 1935 963 et
1954 929 2066 963 homo.

403 992 547 1027 Colatur
568 993 668 1026 etiam
689 990 886 1025 veneranda
908 989 1016 1037 ipsius
1039 990 1149 1036 imago
1163 1017 1170 1031 ,
1195 1003 1234 1024 eo
1256 1003 1324 1037 quo
1346 989 1449 1024 decet
1472 988 1536 1024 coli
1558 989 1671 1024 modo.
1693 988 1904 1024 Delineetur
1926 988 2066 1036 utique.

399 1053 479 1101 quia
507 1053 638 1087 lineare
668 1066 785 1099 reapse
815 1060 866 1086 est
889 1059 921 1085 et
944 1050 1242 1098 circumscriptum
1270 1058 1301 1084 et
1323 1050 1480 1098 passibile
1510 1049 1602 1098 quod
1630 1050 1703 1098 ipse
1729 1050 1771 1084 de
1794 1058 1909 1084 sancta
1938 1063 2069 1097 semper

399 1114 531 1161 virgine
559 1113 709 1161 Deipara
739 1112 885 1160 sumpsit
909 1125 1035 1159 eorpus
1049 1139 1057 1154 ,
1078 1110 1253 1159 siquidem
1275 1110 1347 1158 ipsa
1368 1123 1509 1158 quoque
1531 1118 1563 1144 et
1583 1109 1723 1145 linearis
1747 1119 1782 1145 et
1803 1110 2067 1158 circumscripta

402 1183 493 1215 erat,
515 1174 623 1208 velint
650 1173 763 1208 nolint
783 1173 818 1207 hi
839 1172 967 1206 vesani.
996 1171 1121 1221 Neque
1151 1180 1265 1206 tamen
1289 1184 1414 1219 corpus
1436 1170 1545 1213 illud,
1568 1170 1703 1205 etiamsi
1730 1171 1890 1218 pingatur
1910 1170 1961 1205 vel
1984 1170 2072 1205 scul-

400 1242 522 1282 patur,
545 1235 587 1269 ab
616 1234 716 1268 unito
739 1233 803 1268 sibi
823 1232 1036 1281 hypostatice
1058 1231 1126 1266 Dei
1147 1231 1264 1266 Verbo
1294 1240 1497 1278 se[›aratur;
1521 1231 1627 1266 sicuti
1648 1245 1692 1266 ne
1715 1240 1789 1266 tum
1818 1230 1963 1279 quidem
1991 1243 2072 1265 cum

400 1309 461 1343 pro
484 1295 583 1329 nohis
611 1295 804 1342 passionem
832 1293 1020 1336 sustinuit,
1042 1293 1085 1327 ab
1115 1291 1237 1327 eodem
1258 1291 1378 1327 Verbo
1405 1291 1529 1328 abfuit.
1557 1291 1653 1326 Nihil
1683 1290 1777 1326 enim
1802 1291 1930 1326 horum
1956 1290 1996 1325 ad
2024 1290 2073 1324 di-

400 1356 571 1391 viSionem
596 1355 724 1403 aliquid
749 1355 897 1389 confert.

504 1419 562 1463 41.
592 1415 662 1450 Sed
685 1416 769 1450 llaec
790 1416 934 1464 quidem
955 1416 1132 1450 haetenus.
1161 1414 1301 1450 Deinde
1323 1415 1489 1463 mysticus
1513 1415 1598 1450 alius
1621 1415 1684 1457 iis,
1706 1414 1766 1462 qui
1795 1413 1831 1447 in
1852 1413 1925 1459 lege
1947 1420 1979 1446 et
2000 1424 2075 1447 um-

401 1478 460 1512 bra
482 1476 619 1511 cultum
641 1477 870 1518 exercebant,
892 1477 1007 1511 divino
1030 1476 1186 1524 percitus
1210 1475 1343 1524 Spiritu
1364 1477 1411 1511 ita
1434 1475 1634 1511 inclamabit
1653 1476 1680 1510 ³⁶.
1702 1481 1725 1496 ‘⁴
1751 1474 1833 1509 Non
1855 1481 1904 1508 est
1925 1486 1999 1507 mea
2020 1486 2077 1506 vo-

405 1566 427 1581 „
456 1538 569 1572 luntas
593 1551 672 1583 erga
695 1551 751 1571 vos
766 1565 774 1579 ,
796 1537 881 1571 dicit
902 1536 1077 1571 Dominus
1106 1536 1345 1584 omnipotens:
1370 1535 1542 1570 sacrificia
1563 1549 1635 1569 non
1658 1534 1826 1582 recipiam
1849 1533 1890 1567 de
1917 1533 2076 1567 manibus

404 1627 427 1643 „
454 1598 596 1644 vestris3
620 1599 663 1632 ab
685 1606 761 1633 ortu
786 1598 883 1632 enim
912 1597 993 1632 solis
1022 1612 1134 1646 usque
1156 1597 1197 1631 ad
1220 1610 1380 1632 occasum
1407 1610 1536 1630 nomen
1559 1609 1675 1630 meum
1699 1595 1913 1642 glorificatur
1935 1594 1969 1628 in
1995 1607 2078 1628 cun-

406 1688 428 1702 „
458 1660 522 1694 etis
544 1658 725 1705 gentibus,
746 1666 779 1692 et
802 1658 838 1692 in
860 1658 955 1692 omni
977 1657 1053 1692 loco
1076 1658 1212 1691 suffitus
1234 1658 1381 1691 offertur
1401 1656 1537 1691 nomini
1558 1669 1635 1691 meo
1657 1664 1691 1689 et
1712 1669 1799 1703 pura
1817 1655 1975 1699 victi1na3
1995 1653 2078 1701 quia

406 1749 427 1763 .‚
457 1733 621 1766 magnum
650 1727 698 1753 est
726 1732 855 1753 nomen
885 1731 1002 1752 meum
1032 1718 1067 1752 in
1098 1718 1282 1764 gentibus,
1305 1717 1352 1752 ait
1372 1716 1549 1751 Dominus
1571 1716 1802 1764 omnipotens.
1828 1744 1850 1758 Η
1872 1714 2003 1749 Nonne
2033 1714 2079 1747 vi-

404 1780 494 1816 detis
514 1780 693 1828 quomodo
717 1779 941 1827 expelluntur
963 1787 1102 1818 vetera,
1125 1793 1212 1813 nova
1242 1787 1360 1813 autem
1380 1777 1479 1812 nobis
1509 1777 1784 1812 deseribuntur?
1806 1783 1828 1797 “
1855 1775 2078 1810 Sacrificium

408 1870 431 1883 ,‚
461 1849 493 1875 et
523 1840 729 1875 oblationem
758 1839 923 1881 noluisti,
944 1852 1090 1885 magnus
1119 1839 1213 1873 canit
1240 1837 1352 1873 David
1379 1839 1405 1873 *ἦ
1434 1837 1498 1880 Et,
1521 1851 1594 1872 non
1622 1837 1791 1885 accipiam
1818 1836 1861 1871 de
1891 1836 1992 1870 domo
2018 1845 2078 1870 tua

409 1929 430 1945 ,‚
459 1901 588 1936 vitulos
603 1929 611 1943 ‚
634 1915 750 1949 neque
772 1900 815 1934 de
837 1899 994 1947 gregibus
1016 1899 1082 1933 tuis
1103 1899 1218 1933 hireos
1239 1900 1264 1935 *ἦ
1287 1898 1352 1941 Et,
1374 1898 1575 1933 neomenias
1595 1906 1746 1939 vestras,
1770 1911 1810 1931 ae
1832 1896 2078 1931 sollemnitates

411 1990 432 2003 ‚,
460 1970 588 1996 vestras
616 1961 688 1995 odit
716 1961 831 1995 anima
853 1974 948 2003 mea,
970 1960 1071 1994 divus
1101 1960 1265 1994 exclamat
1290 1959 1394 1994 isaias
1416 1960 1442 1994 *fl
1467 1987 1489 2001 ‚,
1512 1958 1575 1993 His
1603 1958 1717 1993 verbis
1746 1965 1891 1993 cruenta
1912 1957 2079 1991 sacrificia

407 2036 442 2056 se
470 2022 615 2057 aversari
636 2021 737 2056 nobis
758 2020 897 2061 innuit,
922 2029 954 2055 et
977 2020 1153 2054 mensium
1182 2028 1448 2068 temporumque
1469 2019 1730 2067 intempestivas
1758 2017 2014 2053 observationes
2041 2031 2082 2052 ac

410 2083 623 2118 traditiones.
652 2082 775 2130 Itaque
797 2082 881 2116 hinc
905 2082 1008 2116 etiam
1032 2089 1162 2115 constat
1178 2109 1185 2123 ‚
1207 2080 1300 2128 quod
1327 2093 1459 2128 purum
1481 2080 1729 2127 sincerumque
1753 2077 1967 2113 sacrificium
1982 2106 1989 2120 ‚
2013 2077 2082 2112 cul-

409 2152 483 2177 tum
511 2157 635 2191 nempe
660 2143 695 2177 in
719 2141 843 2190 spiritu
866 2156 904 2176 ac
933 2142 1098 2184 veritate,
1122 2142 1189 2175 iam
1218 2140 1462 2175 introduxerat
1491 2139 1691 2175 universalis
1718 2138 1838 2181 Deus.
1861 2151 1930 2186 quo
1959 2137 2083 2184 gaudet

409 2217 446 2237 ae
469 2203 672 2238 delectatur.
697 2202 843 2237 Cultum
865 2203 960 2237 hunc
985 2202 1168 2236 universus
1190 2201 1302 2241 orbis,
1324 2210 1499 2249 tamquam
1520 2200 1614 2235 illius
1640 2199 1821 2248 proprium
1845 2198 1947 2246 eique
1969 2198 2084 2245 gratis-

409 2264 557 2306 simum,
579 2265 705 2298 osl'erre
728 2263 845 2305 novit,
867 2263 959 2297 velut
987 2263 1129 2297 odorem
1159 2262 1334 2297 suavitatis
1356 2261 1490 2309 ubique
1519 2274 1738 2296 consecrans.
1769 2259 1922 2305 Quinam
1949 2272 2027 2305 ergo
2048 2258 2084 2292 in

409 2324 581 2372 praesenti
603 2324 700 2359 locus
723 2324 789 2358 erit
811 2323 987 2358 idolorum
1011 2323 1172 2358 culturae
1187 2352 1194 2365 ,
1217 2331 1249 2357 et
1274 2336 1345 2357 non
1368 2322 1482 2370 potius
1512 2321 1650 2355 illorum
1678 2319 1844 2355 deletioni
1865 2318 2083 2353 omnimodae

410 2399 449 2419 ac
477 2384 732 2419 destructioni?
761 2384 857 2430 Quid
887 2385 1028 2419 dicitis?
1059 2383 1121 2418 His
1149 2398 1191 2418 ne
1220 2384 1324 2418 saeris
1350 2382 1465 2417 verbis
1494 2382 1658 2417 creditis?
1686 2381 1848 2429 Namque
1876 2380 1962 2414 haec
1991 2380 2085 2413 suffi—

412 2447 508 2480 ciunt
530 2446 572 2480 ob
596 2445 879 2480 confundendam
900 2444 1199 2492 frangendamque
1228 2444 1511 2479 incredulitatem
1536 2451 1685 2477 vestram
1705 2450 1805 2489 atque
1827 2440 2001 2475 duritiem.
2027 2439 2083 2473 An

414 2516 447 2541 et
475 2506 555 2541 alios
583 2505 685 2540 vultis
712 2506 935 2553 imploremus
964 2506 1096 2540 divinos
1121 2514 1211 2540 vates
1233 2505 1274 2540 ad
1295 2505 1400 2539 huius
1420 2504 1599 2539 doetrinae
1627 2502 1890 2550 patrocinium?
1915 2500 1976 2549 qui
2003 2514 2085 2535 sane

413 2567 583 2601 favebunt
606 2580 778 2614 opemque
801 2567 913 2601 ferent
934 2567 1103 2601 haetenus
1127 2565 1284 2613 scriptis,
1308 2564 1584 2599 manifestiorem
1605 2571 1722 2598 autem
1741 2562 1835 2596 vobis
1860 2561 2013 2596 efficient
2034 2575 2087 2595 ve-

413 2628 545 2663 saniam
569 2627 849 2676 impietatemque
870 2636 1038 2670 vestram,
1058 2636 1091 2662 et
1113 2626 1304 2674 graviorem
1324 2625 1500 2673 magisque
1520 2623 1780 2659 excruciantem
1800 2635 1950 2671 poenam
1969 2622 2088 2657 decer-

414 2696 510 2723 nent.
538 2686 584 2723 Hi
612 2701 691 2734 ergo
718 2687 824 2722 sicuti
853 2700 1079 2722 communem
1106 2688 1304 2722 hahuerunt
1330 2700 1347 2720 a
1374 2685 1509 2733 Spiritu
1540 2684 1703 2719 adflatam
1731 2683 1877 2730 gratiam
1904 2691 2009 2730 atque
2040 2696 2087 2716 sa-

415 2749 601 2796 pientiam,
624 2749 673 2783 ita
695 2747 800 2782 etiam
821 2747 858 2782 in
879 2747 1018 2782 dictatis
1039 2747 1160 2783 salutis
1181 2756 1319 2783 nostrae
1348 2760 1452 2782 causa
1473 2759 1490 2780 a
1513 2744 1587 2780 Deo
1616 2744 1767 2779 oraculis
1781 2773 1788 2786 ‚
1813 2743 2006 2779 concordes
2033 2756 2090 2791 pa—

416 2810 512 2858 rique
541 2809 626 2859 pede
655 2809 883 2845 decurrentes
912 2817 1088 2857 apparent.
