2203 3331
591 208 753 231 Anu-:lists
779 205 1024 230 coxsmxrlxcu
1049 180 1281 229 cornoxnit‘n.
1734 197 1774 229 17

104 279 181 302 rum
204 263 385 300 mendacio
413 271 634 309 concretam;
658 263 718 311 qui
745 276 884 310 serpens
911 258 1106 295 terribiliter
1130 259 1170 293 ad
1196 260 1256 294 lios
1280 260 1389 294 divini
1419 261 1590 309 praecepti
1623 270 1775 296 rontem-

102 336 218 376 ptores
242 338 383 372 repens,
405 337 556 372 quorum
579 325 683 358 etiam
705 323 910 358 calcaneum
931 319 1060 355 iamdiu
1086 319 1263 353 observare
1286 321 1399 354 iussus
1421 321 1505 363 suit,
1527 335 1683 356 amarum
1708 322 1775 356 exi-

103 388 302 434 tiosumque
331 398 509 419 venenum
531 384 716 418 animabus
746 396 886 424 eorum,
910 381 972 428 qui
999 379 1139 414 facilem
1166 379 1248 414 huic
1277 380 1406 415 haeresi
1435 395 1553 416 aurem
1583 383 1773 430 praebent.

101 447 260 483 affundit.
282 446 374 481 Nam
398 446 493 494 quod
514 445 639 480 Ariani
663 458 743 479 cuin
764 442 986 479 Manicliaeis
1010 441 1227 489 conspirent,
1249 441 1283 474 in
1306 443 1530 489 sequentibus
1552 444 1774 490 perspicuum

103 508 284 544 faciemus.

204 568 237 603 6.
265 567 327 602 Est
352 576 469 603 autem
493 566 620 614 cuique
643 565 874 612 exploratum,
897 563 1012 598 studia
1034 563 1180 597 istorum
1202 576 1242 597 eo
1270 562 1432 605 tendere,
1457 572 1493 597 ut
1515 578 1716 599 numerosas
1739 565 1775 599 il-

102 630 149 664 las
171 638 205 664 et
226 644 244 664 a
267 628 346 664 Deo
371 636 589 675 congregatas
612 626 825 673 inclytorum
846 633 982 672 patrum
1004 632 1202 659 nostrorum
1222 623 1371 671 synodos
1392 624 1533 671 penitus
1555 626 1733 671 aboleant:
1756 640 1774 660 a

101 691 226 739 quilius
250 704 310 738 per
334 697 532 738 operantem
555 687 825 734 loquentemque
851 685 886 720 in
913 685 958 720 eis
986 684 1178 733 Spiritum,
1202 684 1398 732 pervenisse
1425 685 1466 719 ad
1492 699 1553 719 nos
1575 686 1685 719 divini
1706 700 1775 734 my-

102 752 201 786 sterii
224 751 404 786 veritatem
428 747 644 783 manifestius
668 760 707 781 ae
732 746 937 789 dilucidius,
959 746 1106 780 firmiter
1131 745 1322 787 credimus,
1341 745 1427 779 duas
1450 745 1611 779 videlicet
1634 746 1671 779 in
1698 747 1775 780 reli-

102 812 194 859 giosa
218 812 304 846 urbe
329 810 459 845 Nicaea
482 807 721 855 Bithynorum
747 807 947 854 metropoli3
972 820 1038 841 nec
1063 820 1135 842 non
1162 806 1253 841 illam
1275 820 1344 854 qua
1372 804 1575 840 Chalcedon
1600 806 1678 839 urbs
1707 820 1775 840 ma-

100 873 191 908 xime
215 872 399 919 gloriatur3
419 869 574 917 denique
598 876 631 902 et
653 867 745 902 illam
765 882 833 916 qua
854 867 1066 915 Byzantium
1085 867 1298 909 illustratur,
1320 866 1422 914 pleno
1447 866 1691 914 episcoporum
1712 880 1775 900 nu—

101 946 196 967 mero
215 931 386 978 insignem
406 931 477 977 (1),
497 929 540 964 ob
560 928 667 975 magis
690 928 868 976 magisque
890 929 1161 975 coarguendam,
1181 927 1424 969 sternendam,
1443 926 1772 975 proterrendamspn·

101 993 329 1040 impietatem:
347 990 496 1038 denique
519 988 676 1024 conditos
700 989 734 1023 in
757 1003 796 1024 ea
819 1003 837 1023 a
858 989 945 1024 divis
967 989 1125 1037 patribus
1147 1002 1300 1038 superno
1323 988 1451 1022 adflatu
1474 987 1650 1021 instinctis
1673 1001 1774 1022 cano-

99 1066 161 1088 nes
185 1060 287 1100 atque
312 1050 469 1097 regulas,
495 1050 624 1098 quibus
650 1050 819 1084 definitur
844 1049 1098 1098 sapientissime
1125 1057 1226 1098 atque
1252 1048 1461 1090 iustissime,
1486 1047 1618 1082 domini
1642 1061 1679 1082 ac
1704 1046 1772 1081 Dei

99 1113 213 1148 nostri
235 1112 312 1147 Iesu
340 1111 472 1147 Christi
498 1111 731 1146 venerandam
755 1110 794 1144 in
817 1111 966 1145 humana
994 1111 1103 1145 forma
1132 1111 1320 1157 imaginem
1350 1109 1513 1156 deinceps
1540 1123 1611 1143 esse
1634 1109 1772 1156 publice

43 1206 52 1217 ,
98 1172 365 1221 proponendam
388 1173 461 1219 (2),
483 1171 576 1219 quod.
596 1171 727 1206 iamdiu
749 1179 865 1205 tamen
888 1172 1021 1205 sactum
1042 1172 1237 1217 constabat,
1260 1179 1445 1206 coaetanea
1466 1169 1561 1203 enim
1583 1168 1772 1204 Servatoris

99 1235 210 1270 nostri
236 1233 669 1282 apparitioni·huiusmodi
694 1233 850 1279 imaginis
876 1233 1010 1267 factura
1033 1233 1100 1267 suit
1124 1233 1193 1279 (3):
1215 1246 1344 1279 agnum
1364 1239 1503 1273 autem,
1526 1231 1585 1278 qui
1609 1240 1649 1266 ut
1673 1239 1772 1279 typus

98 1296 303 1343 adsumptus
324 1296 455 1337 fuerat,
477 1294 547 1342 ipsa
569 1294 638 1328 iam
658 1293 862 1338 splendente
884 1293 1047 1336 veritate,
1069 1293 1199 1328 diutius
1221 1307 1291 1327 non
1314 1307 1385 1328 esse
1408 1292 1639 1339 figurandum.
1663 1291 1772 1340 Opor-

99 1366 171 1392 tere
196 1356 289 1391 enim
309 1364 442 1390 veteres
464 1364 559 1403 typos
581 1355 799 1397 umbratiles,
819 1368 884 1389 ceu
906 1355 1054 1388 veritatis
1075 1354 1227 1402 symbola
1249 1363 1283 1389 et
1304 1353 1634 1402 praefigurationes,
1653 1367 1771 1401 quam—

98 1431 201 1466 quam
227 1417 311 1451 olim
334 1417 371 1450 in
395 1415 509 1464 pretio
537 1415 672 1450 habitos
699 1424 733 1450 et
758 1415 891 1458 cultos,
916 1429 1014 1450 1111110
1043 1415 1196 1458 aboleri,
1222 1415 1363 1462 gratiam
1390 1423 1506 1449 autem
1532 1427 1612 1462 prae
1638 1414 1702 1448 illis
1729 1428 1768 1449 ac

98 1477 281 1512 veritatem
303 1476 475 1512 honorari.
504 1475 598 1510 Ante
624 1476 684 1510 has
708 1484 824 1510 autem
849 1475 1018 1522 synodos,
1040 1475 1144 1509 immo
1168 1484 1199 1510 et
1220 1489 1298 1523 prae
1324 1475 1403 1523 ipsis
1418 1504 1425 1517 ,
1447 1475 1540 1509 illam
1563 1489 1632 1522 qua
1656 1473 1768 1522 Ephe-

99 1552 157 1572 sus
176 1537 271 1572 valde
293 1536 450 1584 superbit
474 1537 523 1583 (4)
537 1564 545 1578 ,
567 1535 705 1583 penitus
728 1550 925 1583 expungere
947 1535 1084 1578 volunt,
1107 1550 1197 1584 quae
1220 1535 1520 1583 circumscriptum
1542 1534 1643 1583 plane
1668 1534 1769 1569 Chri-

98 1607 189 1632 stum
208 1596 327 1632 Deum
347 1605 525 1639 nostrum,
545 1596 638 1644 quod
659 1596 792 1630 adtinet
811 1596 854 1631 ad
876 1596 1149 1639 humanitatem,
1169 1610 1288 1643 magna
1310 1610 1392 1631 voce
1414 1596 1639 1644 praedicaritg
1658 1604 1689 1630 et
1712 1609 1768 1629 eos

99 1658 159 1706 qui
184 1658 219 1692 id
242 1657 446 1692 vocabulum
471 1671 539 1691 non
565 1657 756 1691 admittunt
779 1657 1052 1691 anathematibus
1076 1657 1260 1692 horrendis
1284 1657 1472 1705 supposuit.
1500 1656 1570 1691 Sed
1596 1671 1660 1691 eur
1685 1670 1768 1704 opus

98 1726 149 1752 est
173 1718 308 1759 dicere,
336 1717 483 1764 synodos
509 1717 550 1751 ab
574 1717 627 1751 his
653 1717 830 1752 subverti?
857 1716 929 1762 Qui
949 1717 1042 1751 enim
1066 1717 1128 1751 toti
1154 1716 1345 1752 Seri-atoris
1368 1718 1477 1752 nostri
1502 1717 1676 1752 incarnati
1700 1731 1769 1764 my-

101 1778 204 1812 sterio
233 1769 483 1812 contumeliam
511 1777 665 1820 faciunt,
688 1777 792 1811 iidem
819 1786 955 1812 nostros
982 1792 1122 1826 quoque
1152 1791 1288 1821 mores,
1311 1792 1481 1821 canones,
1504 1792 1628 1826 resque
1659 1791 1768 1812 sacras

101 1846 342 1872 contemnunt.

204 1912 234 1947 7.
264 1897 443 1943 Quoniam
467 1897 582 1944 itaque
610 1897 770 1932 adversus
798 1897 929 1932 Christi
957 1897 1138 1933 ecclesiam
1163 1898 1351 1947 divinaque
1379 1907 1496 1934 nostra
1522 1899 1680 1946 dogmata
1709 1899 1767 1933 im-
1804 1914 1829 1933 1,,
1866 1922 1870 1932 ,

100 1959 273 2007 pudenter
293 1972 393 2005 agere
415 1958 563 2004 adgressi
582 1967 684 2000 sunt,
705 1972 838 1993 sacram
856 1972 994 1993 omnem
1014 1959 1211 1994 reiicientes
1232 1960 1469 2003 traditionem,
1489 1969 1522 1995 et
1546 1968 1665 1995 contra
1680 1959 1767 1994 En}-

102 2020 209 2065 geniti
232 2019 447 2053 maiestatem
471 2033 555 2053 vana
579 2019 745 2053 vocabula
771 2020 813 2053 ab
838 2019 1093 2054 incredulitatis
1117 2021 1169 2055 vel
1194 2021 1305 2068 potius
1329 2021 1512 2069 apostasiae
1538 2030 1700 2069 parente,
1727 2030 1765 2056 ut

100 2080 203 2126 magis
227 2080 364 2128 proprie
387 2079 586 2127 loquamur,
609 2087 744 2127 sumpta
767 2079 808 2114 ad
833 2094 913 2114 suae
941 2080 1104 2115 stultitiae
1131 2081 1436 2116 confirmationem
1462 2081 1659 2123 obiiciunt,
1680 2082 1765 2115 haee

101 2148 277 2188 oporteret
304 2139 447 2188 quidem
475 2153 538 2174 ceu
566 2140 749 2187 nugatoria
778 2148 810 2174 et
837 2140 1005 2183 trivialia,
1031 2149 1065 2175 et
1093 2141 1309 2176 insuavitatis
1337 2142 1615 2190 garrulitatisque
1643 2142 1764 2189 plena,

100 2209 140 2234 ut
161 2200 261 2234 rudia
283 2200 425 2248 inquam
449 2213 489 2234 ac
512 2200 606 2234 fatua
633 2208 665 2234 et
689 2199 834 2235 salsitate
859 2201 1050 2243 scatentia,
1072 2215 1137 2236 nec
1158 2202 1294 2236 sibimet
1318 2202 1555 2245 cohaerentia,
1579 2210 1611 2236 et
1634 2202 1766 2236 veritati

100 2275 288 2309 secumque
314 2260 563 2309 repugnantia,
589 2269 693 2308 atque
724 2275 764 2295 ex
793 2262 889 2296 omni
915 2276 1029 2296 errore
1059 2271 1240 2304 concreta,
1267 2262 1346 2297 talia
1374 2263 1517 2298 demum
1545 2271 1583 2297 ut
1610 2263 1766 2310 ipsorum

99 2321 289 2369 nequitiam
310 2321 403 2355 nulla
424 2321 529 2355 oratio
552 2320 746 2369 adaequare
767 2330 889 2369 queat,
909 2330 1012 2370 atque
1033 2332 1072 2357 ut
1094 2322 1294 2357 summatim
1312 2323 1445 2365 dicam,
1466 2337 1505 2358 ex
1528 2323 1599 2358 fimi
1621 2323 1765 2358 colluvie

100 2390 132 2416 et
160 2381 357 2429 quisquiliis
386 2381 563 2416 inerudite
591 2381 862 2430 ignoranterque
892 2382 1059 2425 collecta,
1088 2383 1172 2417 haee
1202 2383 1343 2431 inquam
1370 2398 1512 2431 prorsus
1540 2384 1764 2419 exterminare

98 2450 200 2490 atquc
225 2443 407 2477 exsufflare
431 2451 614 2490 oporteret.
637 2441 738 2477 Adeo
760 2443 891 2491 quippe
914 2443 973 2477 isti
995 2443 1177 2486 inornate,
1200 2452 1328 2478 temere
1344 2473 1351 2487 ,
1373 2453 1476 2492 atque
1498 2445 1662 2480 indecore
1687 2459 1766 2480 con-

176 2573 209 2601 (1,
232 2570 329 2597 Recole
347 2570 545 2604 apologeticum
568 2570 700 2596 minorem
721 2579 778 2604 rap,
805 2574 843 2596 10.

176 2618 209 2645 §.¹1
231 2614 363 2646 inteiligit
382 2622 514 2640 canonem
535 2615 686 2640 trullanum
706 2615 855 2646 LXXXII,
876 2614 908 2641 de
928 2623 981 2649 quo
1002 2623 1050 2641 nos
1070 2616 1150 2649 paulo
1170 2620 1231 2642 ante
1251 2615 1368 2643 diximus
1388 2625 1413 2651 p.
1438 2620 1476 2643 12.
1499 2625 1525 2643 ’.1.
1551 2621 1571 2643 t.

176 2662 209 2688 <31
230 2660 331 2693 Nempe
351 2659 431 2685 missa
450 2658 485 2685 ad
504 2658 643 2689 Abs-'arum
664 2658 789 2693 regulum
810 2658 910 2685 Christi
931 2659 1034 2685 domnii
1055 2660 1158 2693 imago,
1179 2664 1205 2686 et
1224 2660 1270 2686 illa
1290 2668 1302 2687 a
1324 2660 1424 2687 femina
1444 2661 1659 2688 haemorrhoissa
1681 2661 1764 2695 posita

98 2701 185 2728 eidem
204 2702 311 2729 Christo
331 2707 430 2729 statua.

178 2749 211 2777 (4)
230 2747 364 2774 Nolebant
383 2747 552 2773 iconomachi
573 2746 630 2773 fieri
649 2747 750 2774 Clu-isti
770 2747 920 2781 imagines,
941 2753 1080 2782 propterea
1104 2749 1176 2783 quod
1201 2750 1274 2776 Deus
1296 2754 1336 2776 cst
1356 2750 1622 2785 incircumscriptus,
1643 2749 1765 2776 Christus

98 2793 188 2815 autem
207 2791 289 2816 Deus,
311 2791 367 2817 Iam
387 2798 470 2825 quum
491 2791 618 2825 ephesina
639 2790 759 2826 synodus
779 2790 930 2818 (lessnixerit
950 2797 1043 2818 eontra
1063 2793 1217 2819 Nestorium
1237 2801 1322 2820 unum
1343 2802 1400 2820 esse
1419 2794 1506 2820 silium
1527 2795 1589 2825 liei,
1611 2795 1694 2818 iteum
1716 2800 1763 2825 pa-

98 2833 163 2859 riter
181 2837 207 2860 et
229 2833 366 2860 hominem
386 2839 392 2865 ζ
402 2843 454 2869 quo
478 2835 508 2861 Iit
531 2839 561 2861 ut
586 2843 639 2861 una
664 2834 822 2862 adoratione
845 2835 976 2862 colendus
999 2837 1049 2862 siti
1070 2837 1193 2871 sequitur
1215 2841 1244 2864 ut
1265 2838 1364 2864 Christi
1389 2838 1496 2872 imago,
1518 2837 1634 2863 limiiinis
1659 2835 1703 2861 !'÷i
1729 2835 1764 2862 sit

97 2877 200 2911 imag-⁷03
221 2879 298 2905 cuius
318 2883 407 2906 tamen
427 2880 561 2907 veneratio
581 2880 686 2914 proprie
705 2888 819 2915 vereque
839 2880 866 2906 in
887 2881 974 2916 ipsum
995 2881 1133 2908 Christum
1152 2882 1238 2909 Deum
1260 2881 1347 2909 tendit
1365 2891 1395 2908 at·
1415 2882 1522 2909 desiuit.

1642 2936 1657 2961 3
