<?xml version="1.0" encoding="UTF-8"?>
<!DOCTYPE html PUBLIC "-//W3C//DTD XHTML 1.0 Transitional//EN"
    "http://www.w3.org/TR/xhtml1/DTD/xhtml1-transitional.dtd">
<html xmlns="http://www.w3.org/1999/xhtml" xml:lang="en" lang="en">
 <head>
  <title>
</title>
<meta http-equiv="Content-Type" content="text/html;charset=utf-8" />
  <meta name='ocr-system' content='tesseract 3.04.00' />
  <meta name='ocr-capabilities' content='ocr_page ocr_carea ocr_par ocr_line ocrx_word'/>
</head>
<body>
  <div class='ocr_page' id='page_1' title='image "./novaepatrumbibli05maiauoft/novaepatrumbibli05maiauoft_0339.png"; bbox 0 0 2203 3331; ppageno 0'>
   <div class='ocr_carea' id='block_1_1' title="bbox 611 211 1793 249">
    <p class='ocr_par' dir='ltr' id='par_1_1' title="bbox 611 211 1793 249">
     <span class='ocr_line' id='line_1_1' title="bbox 611 211 1793 249; baseline -0.009 0"><span class='ocrx_word' id='word_1_1' title='bbox 611 223 774 249; x_wconf 62' lang='lat' dir='ltr'>ADVERSUS</span> <span class='ocrx_word' id='word_1_2' title='bbox 800 222 1042 247; x_wconf 61' lang='lat' dir='ltr'>coxsraxrtxt&#39;n</span> <span class='ocrx_word' id='word_1_3' title='bbox 1068 221 1299 244; x_wconf 70' lang='lat' dir='ltr'>COI&#39;RONYMFM.</span> <span class='ocrx_word' id='word_1_4' title='bbox 1749 211 1793 246; x_wconf 52' lang='lat'>37*</span> 
     </span>
    </p>
   </div>
   <div class='ocr_carea' id='block_1_2' title="bbox 120 278 1795 1482">
    <p class='ocr_par' dir='ltr' id='par_1_2' title="bbox 120 278 1795 1359">
     <span class='ocr_line' id='line_1_2' title="bbox 120 278 1792 330; baseline -0.007 -6"><span class='ocrx_word' id='word_1_5' title='bbox 120 286 261 324; x_wconf 83' lang='lat' dir='ltr'>Deinde</span> <span class='ocrx_word' id='word_1_6' title='bbox 291 294 323 321; x_wconf 89' lang='lat' dir='ltr'>et</span> <span class='ocrx_word' id='word_1_7' title='bbox 349 285 415 319; x_wconf 86' lang='lat' dir='ltr'>hoc</span> <span class='ocrx_word' id='word_1_8' title='bbox 446 282 613 318; x_wconf 84' lang='lat' dir='ltr'>sciscitari</span> <span class='ocrx_word' id='word_1_9' title='bbox 641 295 792 330; x_wconf 84' lang='lat' dir='ltr'>aequum</span> <span class='ocrx_word' id='word_1_10' title='bbox 821 288 881 315; x_wconf 85' lang='lat' dir='ltr'>est.</span> <span class='ocrx_word' id='word_1_11' title='bbox 910 279 1009 314; x_wconf 87' lang='lat' dir='ltr'>Itane</span> <span class='ocrx_word' id='word_1_12' title='bbox 1038 286 1163 312; x_wconf 87' lang='lat' dir='ltr'>natura</span> <span class='ocrx_word' id='word_1_13' title='bbox 1197 286 1411 324; x_wconf 80' lang='lat' dir='ltr'>comparatus</span> <span class='ocrx_word' id='word_1_14' title='bbox 1447 278 1609 313; x_wconf 85' lang='lat' dir='ltr'>Christus</span> <span class='ocrx_word' id='word_1_15' title='bbox 1642 287 1682 313; x_wconf 87' lang='lat' dir='ltr'>ut</span> <span class='ocrx_word' id='word_1_16' title='bbox 1709 279 1792 313; x_wconf 84' lang='lat' dir='ltr'>haee</span> 
     </span>
     <span class='ocr_line' id='line_1_3' title="bbox 124 338 1794 398; baseline -0.007 -13"><span class='ocrx_word' id='word_1_17' title='bbox 124 350 194 398; x_wconf 85' lang='lat' dir='ltr'>pati</span> <span class='ocrx_word' id='word_1_18' title='bbox 215 355 346 397; x_wconf 80' lang='lat' dir='ltr'>posset,</span> <span class='ocrx_word' id='word_1_19' title='bbox 368 359 490 394; x_wconf 84' lang='lat' dir='ltr'>passus</span> <span class='ocrx_word' id='word_1_20' title='bbox 513 353 581 387; x_wconf 77' lang='lat' dir='ltr'>est,</span> <span class='ocrx_word' id='word_1_21' title='bbox 604 357 667 378; x_wconf 88' lang='lat' dir='ltr'>nec</span> <span class='ocrx_word' id='word_1_22' title='bbox 690 343 760 378; x_wconf 80' lang='lat' dir='ltr'>ne?</span> <span class='ocrx_word' id='word_1_23' title='bbox 789 341 829 375; x_wconf 78' lang='lat' dir='ltr'>Si</span> <span class='ocrx_word' id='word_1_24' title='bbox 851 348 974 388; x_wconf 87' lang='lat' dir='ltr'>suapte</span> <span class='ocrx_word' id='word_1_25' title='bbox 996 347 1120 374; x_wconf 88' lang='lat' dir='ltr'>natura</span> <span class='ocrx_word' id='word_1_26' title='bbox 1150 339 1232 372; x_wconf 86' lang='lat' dir='ltr'>haec</span> <span class='ocrx_word' id='word_1_27' title='bbox 1261 338 1329 385; x_wconf 83' lang='lat' dir='ltr'>pati</span> <span class='ocrx_word' id='word_1_28' title='bbox 1351 352 1420 373; x_wconf 89' lang='lat' dir='ltr'>non</span> <span class='ocrx_word' id='word_1_29' title='bbox 1444 348 1594 387; x_wconf 86' lang='lat' dir='ltr'>poterat,</span> <span class='ocrx_word' id='word_1_30' title='bbox 1616 340 1714 387; x_wconf 85' lang='lat' dir='ltr'>plane</span> <span class='ocrx_word' id='word_1_31' title='bbox 1744 353 1794 374; x_wconf 88' lang='lat' dir='ltr'>er-</span> 
     </span>
     <span class='ocr_line' id='line_1_4' title="bbox 124 398 1795 454; baseline -0.007 -9"><span class='ocrx_word' id='word_1_32' title='bbox 124 419 178 445; x_wconf 84' lang='lat' dir='ltr'>rat</span> <span class='ocrx_word' id='word_1_33' title='bbox 198 419 232 445; x_wconf 88' lang='lat' dir='ltr'>et</span> <span class='ocrx_word' id='word_1_34' title='bbox 252 407 402 449; x_wconf 82' lang='lat' dir='ltr'>insanit,</span> <span class='ocrx_word' id='word_1_35' title='bbox 424 407 485 454; x_wconf 89' lang='lat' dir='ltr'>qui</span> <span class='ocrx_word' id='word_1_36' title='bbox 508 420 545 440; x_wconf 87' lang='lat' dir='ltr'>ea</span> <span class='ocrx_word' id='word_1_37' title='bbox 567 404 793 445; x_wconf 66' lang='lat' dir='ltr'>criminatur,</span> <span class='ocrx_word' id='word_1_38' title='bbox 815 414 1019 449; x_wconf 86' lang='lat' dir='ltr'>summaque.</span> <span class='ocrx_word' id='word_1_39' title='bbox 1049 399 1213 448; x_wconf 81' lang='lat' dir='ltr'>pravitate</span> <span class='ocrx_word' id='word_1_40' title='bbox 1237 406 1271 433; x_wconf 88' lang='lat' dir='ltr'>et</span> <span class='ocrx_word' id='word_1_41' title='bbox 1291 398 1429 433; x_wconf 80' lang='lat' dir='ltr'>vesania</span> <span class='ocrx_word' id='word_1_42' title='bbox 1455 399 1548 434; x_wconf 82' lang='lat' dir='ltr'>labor</span> <span class='ocrx_word' id='word_1_43' title='bbox 1573 401 1647 435; x_wconf 88' lang='lat' dir='ltr'>eius</span> <span class='ocrx_word' id='word_1_44' title='bbox 1669 401 1795 435; x_wconf 78' lang='lat' dir='ltr'>redun-</span> 
     </span>
     <span class='ocr_line' id='line_1_5' title="bbox 126 460 1793 509; baseline -0.006 -4"><span class='ocrx_word' id='word_1_45' title='bbox 126 471 192 506; x_wconf 85' lang='lat' dir='ltr'>dat.</span> <span class='ocrx_word' id='word_1_46' title='bbox 220 468 313 505; x_wconf 86' lang='lat' dir='ltr'>Nam</span> <span class='ocrx_word' id='word_1_47' title='bbox 341 476 466 503; x_wconf 87' lang='lat' dir='ltr'>eontra</span> <span class='ocrx_word' id='word_1_48' title='bbox 494 480 614 501; x_wconf 86' lang='lat' dir='ltr'>rerum</span> <span class='ocrx_word' id='word_1_49' title='bbox 639 472 804 499; x_wconf 88' lang='lat' dir='ltr'>naturam</span> <span class='ocrx_word' id='word_1_50' title='bbox 834 461 1045 497; x_wconf 74' lang='lat' dir='ltr'>contendere</span> <span class='ocrx_word' id='word_1_51' title='bbox 1075 473 1157 495; x_wconf 88' lang='lat' dir='ltr'>eum</span> <span class='ocrx_word' id='word_1_52' title='bbox 1186 465 1344 507; x_wconf 66' lang='lat' dir='ltr'>apparet,</span> <span class='ocrx_word' id='word_1_53' title='bbox 1366 467 1399 493; x_wconf 84' lang='lat' dir='ltr'>et</span> <span class='ocrx_word' id='word_1_54' title='bbox 1428 460 1457 493; x_wconf 87' lang='lat' dir='ltr'>ei</span> <span class='ocrx_word' id='word_1_55' title='bbox 1484 460 1609 494; x_wconf 86' lang='lat' dir='ltr'>rationi</span> <span class='ocrx_word' id='word_1_56' title='bbox 1635 461 1699 508; x_wconf 86' lang='lat' dir='ltr'>ipsi</span> <span class='ocrx_word' id='word_1_57' title='bbox 1726 475 1793 509; x_wconf 84' lang='lat' dir='ltr'>qua</span> 
     </span>
     <span class='ocr_line' id='line_1_6' title="bbox 126 519 1794 578; baseline -0.006 -13"><span class='ocrx_word' id='word_1_58' title='bbox 126 544 180 565; x_wconf 84' lang='lat' dir='ltr'>res</span> <span class='ocrx_word' id='word_1_59' title='bbox 199 543 360 578; x_wconf 80' lang='lat' dir='ltr'>quaeque</span> <span class='ocrx_word' id='word_1_60' title='bbox 383 528 496 563; x_wconf 79' lang='lat' dir='ltr'>existit</span> <span class='ocrx_word' id='word_1_61' title='bbox 517 523 696 562; x_wconf 82' lang='lat' dir='ltr'>obluctari,</span> <span class='ocrx_word' id='word_1_62' title='bbox 718 523 812 558; x_wconf 80' lang='lat' dir='ltr'>Nam</span> <span class='ocrx_word' id='word_1_63' title='bbox 832 521 925 570; x_wconf 87' lang='lat' dir='ltr'>quod</span> <span class='ocrx_word' id='word_1_64' title='bbox 947 521 1092 556; x_wconf 76' lang='lat' dir='ltr'>existere</span> <span class='ocrx_word' id='word_1_65' title='bbox 1115 520 1260 568; x_wconf 76' lang='lat' dir='ltr'>nequit,</span> <span class='ocrx_word' id='word_1_66' title='bbox 1281 520 1307 554; x_wconf 87' lang='lat' dir='ltr'>is</span> <span class='ocrx_word' id='word_1_67' title='bbox 1329 519 1489 554; x_wconf 85' lang='lat' dir='ltr'>decernit</span> <span class='ocrx_word' id='word_1_68' title='bbox 1509 521 1703 555; x_wconf 86' lang='lat' dir='ltr'>necessario</span> <span class='ocrx_word' id='word_1_69' title='bbox 1727 522 1794 555; x_wconf 80' lang='lat' dir='ltr'>cxi-</span> 
     </span>
     <span class='ocr_line' id='line_1_7' title="bbox 124 580 1792 637; baseline -0.006 -12"><span class='ocrx_word' id='word_1_70' title='bbox 124 599 234 626; x_wconf 86' lang='lat' dir='ltr'>stere:</span> <span class='ocrx_word' id='word_1_71' title='bbox 258 598 290 623; x_wconf 88' lang='lat' dir='ltr'>et</span> <span class='ocrx_word' id='word_1_72' title='bbox 310 589 403 637; x_wconf 81' lang='lat' dir='ltr'>quod</span> <span class='ocrx_word' id='word_1_73' title='bbox 426 589 501 623; x_wconf 77' lang='lat' dir='ltr'>lieri</span> <span class='ocrx_word' id='word_1_74' title='bbox 520 585 722 621; x_wconf 79' lang='lat' dir='ltr'>naturaliter</span> <span class='ocrx_word' id='word_1_75' title='bbox 749 583 892 632; x_wconf 71' lang='lat' dir='ltr'>nequit.</span> <span class='ocrx_word' id='word_1_76' title='bbox 917 590 1195 617; x_wconf 88' lang='lat' dir='ltr'>consentaneum</span> <span class='ocrx_word' id='word_1_77' title='bbox 1218 595 1289 615; x_wconf 78' lang='lat' dir='ltr'>esse</span> <span class='ocrx_word' id='word_1_78' title='bbox 1309 589 1349 615; x_wconf 89' lang='lat' dir='ltr'>ut</span> <span class='ocrx_word' id='word_1_79' title='bbox 1369 581 1430 614; x_wconf 85' lang='lat' dir='ltr'>fiat</span> <span class='ocrx_word' id='word_1_80' title='bbox 1450 580 1616 615; x_wconf 90' lang='lat' dir='ltr'>adfirmat.</span> <span class='ocrx_word' id='word_1_81' title='bbox 1647 581 1686 614; x_wconf 81' lang='lat' dir='ltr'>Si</span> <span class='ocrx_word' id='word_1_82' title='bbox 1714 595 1792 627; x_wconf 78' lang='lat' dir='ltr'>ergo</span> 
     </span>
     <span class='ocr_line' id='line_1_8' title="bbox 125 641 1794 698; baseline -0.006 -13"><span class='ocrx_word' id='word_1_83' title='bbox 125 651 172 686; x_wconf 78' lang='lat' dir='ltr'>ita</span> <span class='ocrx_word' id='word_1_84' title='bbox 198 659 321 685; x_wconf 87' lang='lat' dir='ltr'>natura</span> <span class='ocrx_word' id='word_1_85' title='bbox 349 657 561 698; x_wconf 84' lang='lat' dir='ltr'>comparatus</span> <span class='ocrx_word' id='word_1_86' title='bbox 583 646 626 680; x_wconf 82' lang='lat' dir='ltr'>sit</span> <span class='ocrx_word' id='word_1_87' title='bbox 651 645 830 686; x_wconf 79' lang='lat' dir='ltr'>Clu-istus,</span> <span class='ocrx_word' id='word_1_88' title='bbox 855 652 984 678; x_wconf 86' lang='lat' dir='ltr'>temere</span> <span class='ocrx_word' id='word_1_89' title='bbox 1012 641 1281 690; x_wconf 75' lang='lat' dir='ltr'>reprehenditur</span> <span class='ocrx_word' id='word_1_90' title='bbox 1308 641 1419 689; x_wconf 85' lang='lat' dir='ltr'>pictor</span> <span class='ocrx_word' id='word_1_91' title='bbox 1443 649 1504 675; x_wconf 89' lang='lat' dir='ltr'>aut</span> <span class='ocrx_word' id='word_1_92' title='bbox 1529 649 1713 688; x_wconf 85' lang='lat' dir='ltr'>spectator:</span> <span class='ocrx_word' id='word_1_93' title='bbox 1738 656 1794 676; x_wconf 80' lang='lat' dir='ltr'>ne-</span> 
     </span>
     <span class='ocr_line' id='line_1_9' title="bbox 124 693 1793 759; baseline -0.006 -13"><span class='ocrx_word' id='word_1_94' title='bbox 124 725 192 758; x_wconf 84' lang='lat' dir='ltr'>que.</span> <span class='ocrx_word' id='word_1_95' title='bbox 216 710 313 745; x_wconf 83' lang='lat' dir='ltr'>cniin</span> <span class='ocrx_word' id='word_1_96' title='bbox 332 711 412 759; x_wconf 84' lang='lat' dir='ltr'>quia</span> <span class='ocrx_word' id='word_1_97' title='bbox 432 709 545 757; x_wconf 88' lang='lat' dir='ltr'>pictor</span> <span class='ocrx_word' id='word_1_98' title='bbox 571 706 703 754; x_wconf 79' lang='lat' dir='ltr'>pingit,</span> <span class='ocrx_word' id='word_1_99' title='bbox 727 714 759 740; x_wconf 90' lang='lat' dir='ltr'>et</span> <span class='ocrx_word' id='word_1_100' title='bbox 780 705 862 753; x_wconf 86' lang='lat' dir='ltr'>quia</span> <span class='ocrx_word' id='word_1_101' title='bbox 889 702 1009 738; x_wconf 88' lang='lat' dir='ltr'>videns</span> <span class='ocrx_word' id='word_1_102' title='bbox 1036 702 1148 745; x_wconf 86' lang='lat' dir='ltr'>videt,</span> <span class='ocrx_word' id='word_1_103' title='bbox 1169 693 1341 750; x_wconf 85' lang='lat' dir='ltr'>praedicta</span> <span class='ocrx_word' id='word_1_104' title='bbox 1369 701 1615 748; x_wconf 77' lang='lat' dir='ltr'>contigerunt,</span> <span class='ocrx_word' id='word_1_105' title='bbox 1638 701 1695 735; x_wconf 85' lang='lat' dir='ltr'>sed</span> <span class='ocrx_word' id='word_1_106' title='bbox 1719 715 1793 748; x_wconf 84' lang='lat' dir='ltr'>pro-</span> 
     </span>
     <span class='ocr_line' id='line_1_10' title="bbox 124 760 1792 819; baseline -0.007 -12"><span class='ocrx_word' id='word_1_107' title='bbox 124 780 203 819; x_wconf 87' lang='lat' dir='ltr'>pter</span> <span class='ocrx_word' id='word_1_108' title='bbox 223 771 337 806; x_wconf 80' lang='lat' dir='ltr'>visum</span> <span class='ocrx_word' id='word_1_109' title='bbox 357 779 460 818; x_wconf 86' lang='lat' dir='ltr'>atque</span> <span class='ocrx_word' id='word_1_110' title='bbox 480 768 678 815; x_wconf 77' lang='lat' dir='ltr'>depictum,</span> <span class='ocrx_word' id='word_1_111' title='bbox 700 765 737 801; x_wconf 88' lang='lat' dir='ltr'>id</span> <span class='ocrx_word' id='word_1_112' title='bbox 760 774 810 800; x_wconf 80' lang='lat' dir='ltr'>est</span> <span class='ocrx_word' id='word_1_113' title='bbox 831 773 968 813; x_wconf 86' lang='lat' dir='ltr'>propter</span> <span class='ocrx_word' id='word_1_114' title='bbox 990 777 1070 798; x_wconf 87' lang='lat' dir='ltr'>eum</span> <span class='ocrx_word' id='word_1_115' title='bbox 1092 763 1149 797; x_wconf 86' lang='lat' dir='ltr'>cui</span> <span class='ocrx_word' id='word_1_116' title='bbox 1171 763 1250 797; x_wconf 88' lang='lat' dir='ltr'>talia</span> <span class='ocrx_word' id='word_1_117' title='bbox 1272 762 1478 797; x_wconf 79' lang='lat' dir='ltr'>naturaliter</span> <span class='ocrx_word' id='word_1_118' title='bbox 1498 761 1643 796; x_wconf 88' lang='lat' dir='ltr'>inerant.</span> <span class='ocrx_word' id='word_1_119' title='bbox 1672 760 1792 809; x_wconf 79' lang='lat' dir='ltr'>Itaque</span> 
     </span>
     <span class='ocr_line' id='line_1_11' title="bbox 125 822 1793 881; baseline -0.007 -15"><span class='ocrx_word' id='word_1_120' title='bbox 125 833 194 880; x_wconf 86' lang='lat' dir='ltr'>ipse</span> <span class='ocrx_word' id='word_1_121' title='bbox 218 833 330 881; x_wconf 87' lang='lat' dir='ltr'>potius</span> <span class='ocrx_word' id='word_1_122' title='bbox 351 831 413 880; x_wconf 87' lang='lat' dir='ltr'>qui</span> <span class='ocrx_word' id='word_1_123' title='bbox 432 830 523 864; x_wconf 87' lang='lat' dir='ltr'>visus</span> <span class='ocrx_word' id='word_1_124' title='bbox 552 829 618 863; x_wconf 78' lang='lat' dir='ltr'>suit</span> <span class='ocrx_word' id='word_1_125' title='bbox 640 836 675 863; x_wconf 85' lang='lat' dir='ltr'>et</span> <span class='ocrx_word' id='word_1_126' title='bbox 695 828 812 876; x_wconf 88' lang='lat' dir='ltr'>pietus</span> <span class='ocrx_word' id='word_1_127' title='bbox 826 855 834 869; x_wconf 81' lang='lat'><strong>‚</strong></span> <span class='ocrx_word' id='word_1_128' title='bbox 856 826 985 874; x_wconf 80' lang='lat' dir='ltr'>quique</span> <span class='ocrx_word' id='word_1_129' title='bbox 1014 824 1223 859; x_wconf 86' lang='lat' dir='ltr'>abundantia</span> <span class='ocrx_word' id='word_1_130' title='bbox 1253 837 1332 858; x_wconf 87' lang='lat' dir='ltr'>suae</span> <span class='ocrx_word' id='word_1_131' title='bbox 1356 837 1433 870; x_wconf 82' lang='lat' dir='ltr'>erga</span> <span class='ocrx_word' id='word_1_132' title='bbox 1453 822 1609 857; x_wconf 89' lang='lat' dir='ltr'>homines</span> <span class='ocrx_word' id='word_1_133' title='bbox 1636 822 1793 868; x_wconf 78' lang='lat' dir='ltr'>benigni-</span> 
     </span>
     <span class='ocr_line' id='line_1_12' title="bbox 125 883 1792 936; baseline -0.007 -8"><span class='ocrx_word' id='word_1_134' title='bbox 125 894 205 928; x_wconf 81' lang='lat' dir='ltr'>tatis</span> <span class='ocrx_word' id='word_1_135' title='bbox 235 901 340 927; x_wconf 85' lang='lat' dir='ltr'>semet</span> <span class='ocrx_word' id='word_1_136' title='bbox 367 889 579 932; x_wconf 80' lang='lat' dir='ltr'>humiliavit,</span> <span class='ocrx_word' id='word_1_137' title='bbox 600 888 835 936; x_wconf 83' lang='lat' dir='ltr'>visibilemque</span> <span class='ocrx_word' id='word_1_138' title='bbox 857 895 889 921; x_wconf 89' lang='lat' dir='ltr'>et</span> <span class='ocrx_word' id='word_1_139' title='bbox 909 886 1123 921; x_wconf 88' lang='lat' dir='ltr'>delineatum</span> <span class='ocrx_word' id='word_1_140' title='bbox 1150 884 1250 919; x_wconf 87' lang='lat' dir='ltr'>nobis</span> <span class='ocrx_word' id='word_1_141' title='bbox 1278 892 1385 918; x_wconf 87' lang='lat' dir='ltr'>semet</span> <span class='ocrx_word' id='word_1_142' title='bbox 1406 883 1443 918; x_wconf 89' lang='lat' dir='ltr'>in</span> <span class='ocrx_word' id='word_1_143' title='bbox 1466 898 1528 918; x_wconf 89' lang='lat' dir='ltr'>sua</span> <span class='ocrx_word' id='word_1_144' title='bbox 1555 883 1792 918; x_wconf 77' lang='lat' dir='ltr'>exinanitione</span> 
     </span>
     <span class='ocr_line' id='line_1_13' title="bbox 124 944 1792 1000; baseline -0.005 -14"><span class='ocrx_word' id='word_1_145' title='bbox 124 953 268 994; x_wconf 76' lang='lat' dir='ltr'>obtulit,</span> <span class='ocrx_word' id='word_1_146' title='bbox 292 952 360 1000; x_wconf 86' lang='lat' dir='ltr'>ipse</span> <span class='ocrx_word' id='word_1_147' title='bbox 388 951 532 999; x_wconf 81' lang='lat' dir='ltr'>inquam</span> <span class='ocrx_word' id='word_1_148' title='bbox 557 958 590 984; x_wconf 91' lang='lat' dir='ltr'>et</span> <span class='ocrx_word' id='word_1_149' title='bbox 617 948 799 984; x_wconf 85' lang='lat' dir='ltr'>divisionis</span> <span class='ocrx_word' id='word_1_150' title='bbox 828 961 932 989; x_wconf 84' lang='lat' dir='ltr'>suae,</span> <span class='ocrx_word' id='word_1_151' title='bbox 954 955 987 981; x_wconf 86' lang='lat' dir='ltr'>et</span> <span class='ocrx_word' id='word_1_152' title='bbox 1008 946 1050 980; x_wconf 90' lang='lat' dir='ltr'>ad</span> <span class='ocrx_word' id='word_1_153' title='bbox 1072 945 1237 994; x_wconf 85' lang='lat' dir='ltr'>simplicis</span> <span class='ocrx_word' id='word_1_154' title='bbox 1266 953 1445 980; x_wconf 84' lang='lat' dir='ltr'>creaturae</span> <span class='ocrx_word' id='word_1_155' title='bbox 1474 944 1711 979; x_wconf 86' lang='lat' dir='ltr'>conditionem</span> <span class='ocrx_word' id='word_1_156' title='bbox 1736 944 1792 979; x_wconf 88' lang='lat' dir='ltr'>de-</span> 
     </span>
     <span class='ocr_line' id='line_1_14' title="bbox 124 1004 1792 1058; baseline -0.005 -11"><span class='ocrx_word' id='word_1_157' title='bbox 124 1012 317 1054; x_wconf 77' lang='lat' dir='ltr'>missionis,</span> <span class='ocrx_word' id='word_1_158' title='bbox 342 1025 442 1046; x_wconf 88' lang='lat' dir='ltr'>eausa</span> <span class='ocrx_word' id='word_1_159' title='bbox 463 1010 637 1058; x_wconf 87' lang='lat' dir='ltr'>potissima</span> <span class='ocrx_word' id='word_1_160' title='bbox 665 1008 840 1044; x_wconf 80' lang='lat' dir='ltr'>extitisset.</span> <span class='ocrx_word' id='word_1_161' title='bbox 868 1007 918 1042; x_wconf 74' lang='lat' dir='ltr'>Ex</span> <span class='ocrx_word' id='word_1_162' title='bbox 947 1021 1014 1055; x_wconf 89' lang='lat' dir='ltr'>quo</span> <span class='ocrx_word' id='word_1_163' title='bbox 1042 1006 1179 1041; x_wconf 87' lang='lat' dir='ltr'>videtur</span> <span class='ocrx_word' id='word_1_164' title='bbox 1207 1019 1337 1040; x_wconf 88' lang='lat' dir='ltr'>novum</span> <span class='ocrx_word' id='word_1_165' title='bbox 1358 1005 1532 1053; x_wconf 84' lang='lat' dir='ltr'>quoddam</span> <span class='ocrx_word' id='word_1_166' title='bbox 1557 1004 1792 1039; x_wconf 85' lang='lat' dir='ltr'>accusationis</span> 
     </span>
     <span class='ocr_line' id='line_1_15' title="bbox 124 1065 1793 1120; baseline -0.005 -12"><span class='ocrx_word' id='word_1_167' title='bbox 124 1087 232 1120; x_wconf 77' lang='lat' dir='ltr'>genus</span> <span class='ocrx_word' id='word_1_168' title='bbox 255 1071 392 1107; x_wconf 87' lang='lat' dir='ltr'>Christo</span> <span class='ocrx_word' id='word_1_169' title='bbox 423 1071 590 1117; x_wconf 76' lang='lat' dir='ltr'>eonssari3</span> <span class='ocrx_word' id='word_1_170' title='bbox 613 1071 657 1105; x_wconf 89' lang='lat' dir='ltr'>ita</span> <span class='ocrx_word' id='word_1_171' title='bbox 679 1078 716 1104; x_wconf 87' lang='lat' dir='ltr'>ut</span> <span class='ocrx_word' id='word_1_172' title='bbox 743 1083 828 1117; x_wconf 87' lang='lat' dir='ltr'>quas</span> <span class='ocrx_word' id='word_1_173' title='bbox 851 1069 894 1103; x_wconf 87' lang='lat' dir='ltr'>ob</span> <span class='ocrx_word' id='word_1_174' title='bbox 917 1081 1036 1102; x_wconf 86' lang='lat' dir='ltr'>causas</span> <span class='ocrx_word' id='word_1_175' title='bbox 1067 1081 1133 1102; x_wconf 88' lang='lat' dir='ltr'>eeu</span> <span class='ocrx_word' id='word_1_176' title='bbox 1159 1067 1363 1101; x_wconf 82' lang='lat' dir='ltr'>benefactor</span> <span class='ocrx_word' id='word_1_177' title='bbox 1384 1065 1610 1101; x_wconf 85' lang='lat' dir='ltr'>honorandus</span> <span class='ocrx_word' id='word_1_178' title='bbox 1631 1073 1719 1100; x_wconf 88' lang='lat' dir='ltr'>esset</span> <span class='ocrx_word' id='word_1_179' title='bbox 1746 1074 1793 1099; x_wconf 88' lang='lat' dir='ltr'>at-</span> 
     </span>
     <span class='ocr_line' id='line_1_16' title="bbox 124 1125 1792 1182; baseline -0.005 -14"><span class='ocrx_word' id='word_1_180' title='bbox 124 1147 191 1182; x_wconf 88' lang='lat' dir='ltr'>que</span> <span class='ocrx_word' id='word_1_181' title='bbox 218 1132 435 1174; x_wconf 89' lang='lat' dir='ltr'>adorandus,</span> <span class='ocrx_word' id='word_1_182' title='bbox 464 1131 621 1166; x_wconf 83' lang='lat' dir='ltr'>indidem</span> <span class='ocrx_word' id='word_1_183' title='bbox 648 1130 763 1178; x_wconf 87' lang='lat' dir='ltr'>potius</span> <span class='ocrx_word' id='word_1_184' title='bbox 790 1128 999 1177; x_wconf 87' lang='lat' dir='ltr'>vituperatio</span> <span class='ocrx_word' id='word_1_185' title='bbox 1028 1127 1077 1162; x_wconf 84' lang='lat' dir='ltr'>illi</span> <span class='ocrx_word' id='word_1_186' title='bbox 1106 1135 1139 1162; x_wconf 89' lang='lat' dir='ltr'>et</span> <span class='ocrx_word' id='word_1_187' title='bbox 1168 1126 1382 1162; x_wconf 86' lang='lat' dir='ltr'>contumelia</span> <span class='ocrx_word' id='word_1_188' title='bbox 1413 1126 1639 1173; x_wconf 83' lang='lat' dir='ltr'>contingeret.</span> <span class='ocrx_word' id='word_1_189' title='bbox 1669 1125 1792 1160; x_wconf 83' lang='lat' dir='ltr'>Gratia</span> 
     </span>
     <span class='ocr_line' id='line_1_17' title="bbox 121 1184 1792 1237; baseline -0.005 -9"><span class='ocrx_word' id='word_1_190' title='bbox 121 1201 239 1228; x_wconf 83' lang='lat' dir='ltr'>autem</span> <span class='ocrx_word' id='word_1_191' title='bbox 265 1191 532 1233; x_wconf 79' lang='lat' dir='ltr'>incarnationis,</span> <span class='ocrx_word' id='word_1_192' title='bbox 556 1192 592 1225; x_wconf 89' lang='lat' dir='ltr'>in</span> <span class='ocrx_word' id='word_1_193' title='bbox 621 1189 804 1225; x_wconf 84' lang='lat' dir='ltr'>dedecoris</span> <span class='ocrx_word' id='word_1_194' title='bbox 831 1197 930 1237; x_wconf 83' lang='lat' dir='ltr'>atque</span> <span class='ocrx_word' id='word_1_195' title='bbox 959 1187 1170 1236; x_wconf 84' lang='lat' dir='ltr'>ignominiae</span> <span class='ocrx_word' id='word_1_196' title='bbox 1199 1187 1379 1222; x_wconf 85' lang='lat' dir='ltr'>materiam</span> <span class='ocrx_word' id='word_1_197' title='bbox 1403 1186 1554 1221; x_wconf 87' lang='lat' dir='ltr'>eederet.</span> <span class='ocrx_word' id='word_1_198' title='bbox 1582 1184 1686 1231; x_wconf 83' lang='lat' dir='ltr'>Quod</span> <span class='ocrx_word' id='word_1_199' title='bbox 1706 1186 1792 1220; x_wconf 86' lang='lat' dir='ltr'>haec</span> 
     </span>
     <span class='ocr_line' id='line_1_18' title="bbox 122 1246 1795 1301; baseline -0.004 -14"><span class='ocrx_word' id='word_1_200' title='bbox 122 1254 230 1300; x_wconf 79' lang='lat' dir='ltr'>igitur</span> <span class='ocrx_word' id='word_1_201' title='bbox 257 1253 362 1299; x_wconf 78' lang='lat' dir='ltr'>magis</span> <span class='ocrx_word' id='word_1_202' title='bbox 389 1266 492 1301; x_wconf 89' lang='lat' dir='ltr'>quam</span> <span class='ocrx_word' id='word_1_203' title='bbox 519 1252 591 1300; x_wconf 86' lang='lat' dir='ltr'>ipsa</span> <span class='ocrx_word' id='word_1_204' title='bbox 620 1251 734 1286; x_wconf 87' lang='lat' dir='ltr'>crucis</span> <span class='ocrx_word' id='word_1_205' title='bbox 760 1250 892 1298; x_wconf 87' lang='lat' dir='ltr'>passio,</span> <span class='ocrx_word' id='word_1_206' title='bbox 917 1249 1118 1284; x_wconf 88' lang='lat' dir='ltr'>seeundum</span> <span class='ocrx_word' id='word_1_207' title='bbox 1145 1248 1422 1283; x_wconf 87' lang='lat' dir='ltr'>adversariorum</span> <span class='ocrx_word' id='word_1_208' title='bbox 1449 1255 1671 1294; x_wconf 84' lang='lat' dir='ltr'>argumenta,</span> <span class='ocrx_word' id='word_1_209' title='bbox 1697 1246 1795 1281; x_wconf 84' lang='lat' dir='ltr'>inho-</span> 
     </span>
     <span class='ocr_line' id='line_1_19' title="bbox 122 1309 1440 1359; baseline -0.004 -11"><span class='ocrx_word' id='word_1_210' title='bbox 122 1322 217 1348; x_wconf 85' lang='lat' dir='ltr'>nesta</span> <span class='ocrx_word' id='word_1_211' title='bbox 246 1323 361 1348; x_wconf 85' lang='lat' dir='ltr'>essent</span> <span class='ocrx_word' id='word_1_212' title='bbox 386 1322 419 1348; x_wconf 86' lang='lat' dir='ltr'>et</span> <span class='ocrx_word' id='word_1_213' title='bbox 446 1312 654 1359; x_wconf 75' lang='lat' dir='ltr'>irreligiosa,</span> <span class='ocrx_word' id='word_1_214' title='bbox 680 1311 749 1345; x_wconf 89' lang='lat' dir='ltr'>iam</span> <span class='ocrx_word' id='word_1_215' title='bbox 776 1311 813 1345; x_wconf 88' lang='lat' dir='ltr'>in</span> <span class='ocrx_word' id='word_1_216' title='bbox 841 1310 1082 1358; x_wconf 85' lang='lat' dir='ltr'>superioribus</span> <span class='ocrx_word' id='word_1_217' title='bbox 1110 1309 1188 1344; x_wconf 88' lang='lat' dir='ltr'>satis</span> <span class='ocrx_word' id='word_1_218' title='bbox 1216 1309 1354 1344; x_wconf 85' lang='lat' dir='ltr'>dictum</span> <span class='ocrx_word' id='word_1_219' title='bbox 1383 1316 1440 1343; x_wconf 88' lang='lat' dir='ltr'>est.</span> 
     </span>
    </p>

    <p class='ocr_par' dir='ltr' id='par_1_3' title="bbox 122 1369 1793 1482">
     <span class='ocr_line' id='line_1_20' title="bbox 223 1369 1793 1422; baseline -0.003 -15"><span class='ocrx_word' id='word_1_220' title='bbox 223 1374 335 1422; x_wconf 77' lang='lat' dir='ltr'>Atqui</span> <span class='ocrx_word' id='word_1_221' title='bbox 357 1374 494 1408; x_wconf 83' lang='lat' dir='ltr'>etiamsi</span> <span class='ocrx_word' id='word_1_222' title='bbox 515 1374 550 1408; x_wconf 90' lang='lat' dir='ltr'>in</span> <span class='ocrx_word' id='word_1_223' title='bbox 572 1373 625 1408; x_wconf 85' lang='lat' dir='ltr'>his</span> <span class='ocrx_word' id='word_1_224' title='bbox 647 1371 832 1407; x_wconf 82' lang='lat' dir='ltr'>adversarii</span> <span class='ocrx_word' id='word_1_225' title='bbox 859 1371 942 1406; x_wconf 87' lang='lat' dir='ltr'>victi</span> <span class='ocrx_word' id='word_1_226' title='bbox 969 1370 1191 1405; x_wconf 85' lang='lat' dir='ltr'>discederent</span> <span class='ocrx_word' id='word_1_227' title='bbox 1205 1399 1213 1413; x_wconf 74' lang='lat'>,</span> <span class='ocrx_word' id='word_1_228' title='bbox 1235 1371 1270 1404; x_wconf 86' lang='lat' dir='ltr'>in</span> <span class='ocrx_word' id='word_1_229' title='bbox 1293 1378 1454 1419; x_wconf 88' lang='lat' dir='ltr'>promptu</span> <span class='ocrx_word' id='word_1_230' title='bbox 1478 1379 1528 1404; x_wconf 84' lang='lat' dir='ltr'>est</span> <span class='ocrx_word' id='word_1_231' title='bbox 1549 1369 1616 1405; x_wconf 86' lang='lat' dir='ltr'>illis</span> <span class='ocrx_word' id='word_1_232' title='bbox 1642 1369 1685 1404; x_wconf 87' lang='lat' dir='ltr'>ad</span> <span class='ocrx_word' id='word_1_233' title='bbox 1707 1369 1793 1403; x_wconf 86' lang='lat' dir='ltr'>blas-</span> 
     </span>
     <span class='ocr_line' id='line_1_21' title="bbox 122 1430 1793 1482; baseline -0.002 -14"><span class='ocrx_word' id='word_1_234' title='bbox 122 1434 295 1482; x_wconf 88' lang='lat' dir='ltr'>phemiam</span> <span class='ocrx_word' id='word_1_235' title='bbox 321 1433 536 1468; x_wconf 83' lang='lat' dir='ltr'>fulciendam</span> <span class='ocrx_word' id='word_1_236' title='bbox 555 1441 797 1480; x_wconf 81' lang='lat' dir='ltr'>argumentum</span> <span class='ocrx_word' id='word_1_237' title='bbox 825 1432 938 1474; x_wconf 86' lang='lat' dir='ltr'>aliud,</span> <span class='ocrx_word' id='word_1_238' title='bbox 960 1445 1086 1479; x_wconf 85' lang='lat' dir='ltr'>nempe</span> <span class='ocrx_word' id='word_1_239' title='bbox 1115 1431 1209 1479; x_wconf 85' lang='lat' dir='ltr'>quod</span> <span class='ocrx_word' id='word_1_240' title='bbox 1229 1430 1392 1466; x_wconf 68' lang='lat' dir='ltr'>Verbum</span> <span class='ocrx_word' id='word_1_241' title='bbox 1418 1444 1491 1465; x_wconf 89' lang='lat' dir='ltr'>una</span> <span class='ocrx_word' id='word_1_242' title='bbox 1518 1444 1600 1465; x_wconf 87' lang='lat' dir='ltr'>cum</span> <span class='ocrx_word' id='word_1_243' title='bbox 1625 1444 1728 1466; x_wconf 87' lang='lat' dir='ltr'>earne</span> <span class='ocrx_word' id='word_1_244' title='bbox 1758 1430 1793 1464; x_wconf 89' lang='lat' dir='ltr'>in</span> 
     </span>
    </p>
   </div>
   <div class='ocr_carea' id='block_1_3' title="bbox 121 1492 1953 1541">
    <p class='ocr_par' dir='ltr' id='par_1_4' title="bbox 121 1492 1953 1541">
     <span class='ocr_line' id='line_1_22' title="bbox 121 1492 1953 1541; baseline -0.001 -13"><span class='ocrx_word' id='word_1_245' title='bbox 121 1494 268 1541; x_wconf 83' lang='lat' dir='ltr'>imagine</span> <span class='ocrx_word' id='word_1_246' title='bbox 291 1494 535 1529; x_wconf 85' lang='lat' dir='ltr'>circumscribi</span> <span class='ocrx_word' id='word_1_247' title='bbox 555 1508 695 1529; x_wconf 90' lang='lat' dir='ltr'>necesse</span> <span class='ocrx_word' id='word_1_248' title='bbox 718 1494 778 1530; x_wconf 85' lang='lat' dir='ltr'>sit:</span> <span class='ocrx_word' id='word_1_249' title='bbox 801 1493 896 1541; x_wconf 83' lang='lat' dir='ltr'>quod</span> <span class='ocrx_word' id='word_1_250' title='bbox 917 1493 1050 1541; x_wconf 76' lang='lat' dir='ltr'>ubique</span> <span class='ocrx_word' id='word_1_251' title='bbox 1074 1493 1302 1534; x_wconf 82' lang='lat' dir='ltr'>bucinantes,</span> <span class='ocrx_word' id='word_1_252' title='bbox 1324 1492 1449 1526; x_wconf 87' lang='lat' dir='ltr'>malam</span> <span class='ocrx_word' id='word_1_253' title='bbox 1467 1492 1641 1540; x_wconf 83' lang='lat' dir='ltr'>prioribus</span> <span class='ocrx_word' id='word_1_254' title='bbox 1667 1505 1795 1539; x_wconf 85' lang='lat' dir='ltr'>appen-</span> <span class='ocrx_word' id='word_1_255' title='bbox 1830 1510 1867 1528; x_wconf 66' lang='grc' dir='ltr'>ω.</span> <span class='ocrx_word' id='word_1_256' title='bbox 1884 1515 1905 1532; x_wconf 61' lang='grc' dir='ltr'>μ.</span> <span class='ocrx_word' id='word_1_257' title='bbox 1922 1511 1953 1528; x_wconf 59' lang='lat'>25..</span> 
     </span>
    </p>
   </div>
   <div class='ocr_carea' id='block_1_4' title="bbox 117 1552 1794 2026">
    <p class='ocr_par' dir='ltr' id='par_1_5' title="bbox 117 1552 1794 2026">
     <span class='ocr_line' id='line_1_23' title="bbox 119 1552 1793 1603; baseline -0.001 -15"><span class='ocrx_word' id='word_1_258' title='bbox 119 1554 234 1589; x_wconf 87' lang='lat' dir='ltr'>dicem</span> <span class='ocrx_word' id='word_1_259' title='bbox 255 1555 458 1591; x_wconf 81' lang='lat' dir='ltr'>subtexunt.</span> <span class='ocrx_word' id='word_1_260' title='bbox 485 1554 596 1603; x_wconf 78' lang='lat' dir='ltr'>Atqui</span> <span class='ocrx_word' id='word_1_261' title='bbox 616 1555 658 1589; x_wconf 87' lang='lat' dir='ltr'>ad</span> <span class='ocrx_word' id='word_1_262' title='bbox 685 1555 768 1589; x_wconf 82' lang='lat' dir='ltr'>haee</span> <span class='ocrx_word' id='word_1_263' title='bbox 796 1568 931 1602; x_wconf 89' lang='lat' dir='ltr'>quoque</span> <span class='ocrx_word' id='word_1_264' title='bbox 961 1553 1153 1588; x_wconf 85' lang='lat' dir='ltr'>dicendum</span> <span class='ocrx_word' id='word_1_265' title='bbox 1184 1562 1254 1589; x_wconf 90' lang='lat' dir='ltr'>est:</span> <span class='ocrx_word' id='word_1_266' title='bbox 1276 1566 1363 1587; x_wconf 87' lang='lat' dir='ltr'>num</span> <span class='ocrx_word' id='word_1_267' title='bbox 1391 1552 1428 1587; x_wconf 85' lang='lat' dir='ltr'>in</span> <span class='ocrx_word' id='word_1_268' title='bbox 1456 1553 1595 1601; x_wconf 84' lang='lat' dir='ltr'>propria</span> <span class='ocrx_word' id='word_1_269' title='bbox 1624 1552 1793 1587; x_wconf 85' lang='lat' dir='ltr'>ineffabili</span> 
     </span>
     <span class='ocr_line' id='line_1_24' title="bbox 118 1612 1794 1663; baseline -0.001 -14"><span class='ocrx_word' id='word_1_270' title='bbox 118 1623 241 1649; x_wconf 87' lang='lat' dir='ltr'>natura</span> <span class='ocrx_word' id='word_1_271' title='bbox 265 1615 570 1663; x_wconf 86' lang='lat' dir='ltr'>circumscriptum</span> <span class='ocrx_word' id='word_1_272' title='bbox 598 1614 666 1650; x_wconf 91' lang='lat' dir='ltr'>suit</span> <span class='ocrx_word' id='word_1_273' title='bbox 685 1614 844 1649; x_wconf 86' lang='lat' dir='ltr'>Verbum</span> <span class='ocrx_word' id='word_1_274' title='bbox 872 1627 951 1648; x_wconf 90' lang='lat' dir='ltr'>cum</span> <span class='ocrx_word' id='word_1_275' title='bbox 983 1628 1106 1661; x_wconf 85' lang='lat' dir='ltr'>corpus</span> <span class='ocrx_word' id='word_1_276' title='bbox 1129 1613 1341 1661; x_wconf 81' lang='lat' dir='ltr'>adsumpsit,</span> <span class='ocrx_word' id='word_1_277' title='bbox 1364 1627 1408 1648; x_wconf 88' lang='lat' dir='ltr'>an</span> <span class='ocrx_word' id='word_1_278' title='bbox 1430 1614 1554 1649; x_wconf 72' lang='lat' dir='ltr'>secus?</span> <span class='ocrx_word' id='word_1_279' title='bbox 1584 1612 1624 1647; x_wconf 86' lang='lat' dir='ltr'>Si</span> <span class='ocrx_word' id='word_1_280' title='bbox 1646 1612 1794 1647; x_wconf 84' lang='lat' dir='ltr'>circum—</span> 
     </span>
     <span class='ocr_line' id='line_1_25' title="bbox 117 1673 1792 1722; baseline -0.001 -13"><span class='ocrx_word' id='word_1_281' title='bbox 117 1674 289 1722; x_wconf 84' lang='lat' dir='ltr'>scriptum</span> <span class='ocrx_word' id='word_1_282' title='bbox 308 1675 397 1717; x_wconf 83' lang='lat' dir='ltr'>fuit,</span> <span class='ocrx_word' id='word_1_283' title='bbox 420 1675 633 1710; x_wconf 81' lang='lat' dir='ltr'>concedatur</span> <span class='ocrx_word' id='word_1_284' title='bbox 653 1675 688 1709; x_wconf 90' lang='lat' dir='ltr'>id</span> <span class='ocrx_word' id='word_1_285' title='bbox 710 1675 785 1709; x_wconf 89' lang='lat' dir='ltr'>fieri</span> <span class='ocrx_word' id='word_1_286' title='bbox 807 1683 892 1708; x_wconf 92' lang='lat' dir='ltr'>tunc</span> <span class='ocrx_word' id='word_1_287' title='bbox 918 1674 1023 1708; x_wconf 88' lang='lat' dir='ltr'>etiam</span> <span class='ocrx_word' id='word_1_288' title='bbox 1043 1687 1125 1708; x_wconf 90' lang='lat' dir='ltr'>cum</span> <span class='ocrx_word' id='word_1_289' title='bbox 1146 1674 1326 1721; x_wconf 82' lang='lat' dir='ltr'>figuratur.</span> <span class='ocrx_word' id='word_1_290' title='bbox 1349 1673 1416 1708; x_wconf 86' lang='lat' dir='ltr'>Sin</span> <span class='ocrx_word' id='word_1_291' title='bbox 1436 1674 1572 1716; x_wconf 76' lang='lat' dir='ltr'>minus,</span> <span class='ocrx_word' id='word_1_292' title='bbox 1595 1687 1683 1722; x_wconf 87' lang='lat' dir='ltr'>quae</span> <span class='ocrx_word' id='word_1_293' title='bbox 1704 1673 1792 1708; x_wconf 86' lang='lat' dir='ltr'>ratio</span> 
     </span>
     <span class='ocr_line' id='line_1_26' title="bbox 119 1734 1793 1783; baseline -0.001 -13"><span class='ocrx_word' id='word_1_294' title='bbox 119 1735 210 1782; x_wconf 84' lang='lat' dir='ltr'>cogit</span> <span class='ocrx_word' id='word_1_295' title='bbox 230 1735 366 1778; x_wconf 80' lang='lat' dir='ltr'>dicere,</span> <span class='ocrx_word' id='word_1_296' title='bbox 390 1734 550 1770; x_wconf 86' lang='lat' dir='ltr'>Verbum</span> <span class='ocrx_word' id='word_1_297' title='bbox 570 1736 759 1782; x_wconf 84' lang='lat' dir='ltr'>figuratum</span> <span class='ocrx_word' id='word_1_298' title='bbox 779 1743 885 1783; x_wconf 85' lang='lat' dir='ltr'>prout</span> <span class='ocrx_word' id='word_1_299' title='bbox 908 1743 956 1769; x_wconf 89' lang='lat' dir='ltr'>est</span> <span class='ocrx_word' id='word_1_300' title='bbox 978 1735 1012 1769; x_wconf 89' lang='lat' dir='ltr'>in</span> <span class='ocrx_word' id='word_1_301' title='bbox 1039 1749 1141 1769; x_wconf 86' lang='lat' dir='ltr'>carne</span> <span class='ocrx_word' id='word_1_302' title='bbox 1155 1763 1163 1777; x_wconf 79' lang='grc'>,</span> <span class='ocrx_word' id='word_1_303' title='bbox 1187 1735 1454 1770; x_wconf 71' lang='lat' dir='ltr'>circumscribi?</span> <span class='ocrx_word' id='word_1_304' title='bbox 1479 1734 1584 1781; x_wconf 85' lang='lat' dir='ltr'>Quod</span> <span class='ocrx_word' id='word_1_305' title='bbox 1607 1735 1702 1770; x_wconf 88' lang='lat' dir='ltr'>enim</span> <span class='ocrx_word' id='word_1_306' title='bbox 1722 1748 1793 1769; x_wconf 88' lang='lat' dir='ltr'>non</span> 
     </span>
     <span class='ocr_line' id='line_1_27' title="bbox 119 1794 1794 1844; baseline 0.001 -15"><span class='ocrx_word' id='word_1_307' title='bbox 119 1804 171 1830; x_wconf 88' lang='lat' dir='ltr'>est</span> <span class='ocrx_word' id='word_1_308' title='bbox 197 1809 356 1843; x_wconf 70' lang='lat' dir='ltr'>passum,</span> <span class='ocrx_word' id='word_1_309' title='bbox 379 1795 465 1830; x_wconf 86' lang='lat' dir='ltr'>dum</span> <span class='ocrx_word' id='word_1_310' title='bbox 486 1796 785 1843; x_wconf 86' lang='lat' dir='ltr'>circumscriptam</span> <span class='ocrx_word' id='word_1_311' title='bbox 805 1803 959 1830; x_wconf 87' lang='lat' dir='ltr'>sumeret</span> <span class='ocrx_word' id='word_1_312' title='bbox 989 1809 1147 1838; x_wconf 84' lang='lat' dir='ltr'>carnem,</span> <span class='ocrx_word' id='word_1_313' title='bbox 1170 1794 1346 1844; x_wconf 88' lang='lat' dir='ltr'>quomodo</span> <span class='ocrx_word' id='word_1_314' title='bbox 1371 1795 1455 1830; x_wconf 90' lang='lat' dir='ltr'>dum</span> <span class='ocrx_word' id='word_1_315' title='bbox 1480 1795 1555 1830; x_wconf 90' lang='lat' dir='ltr'>eius</span> <span class='ocrx_word' id='word_1_316' title='bbox 1581 1809 1660 1830; x_wconf 88' lang='lat' dir='ltr'>earo</span> <span class='ocrx_word' id='word_1_317' title='bbox 1684 1795 1794 1843; x_wconf 81' lang='lat' dir='ltr'>pingi-</span> 
     </span>
     <span class='ocr_line' id='line_1_28' title="bbox 117 1855 1793 1904; baseline 0 -14"><span class='ocrx_word' id='word_1_318' title='bbox 117 1864 194 1899; x_wconf 80' lang='lat' dir='ltr'>tur,</span> <span class='ocrx_word' id='word_1_319' title='bbox 215 1855 303 1890; x_wconf 90' lang='lat' dir='ltr'>illud</span> <span class='ocrx_word' id='word_1_320' title='bbox 325 1856 501 1904; x_wconf 73' lang='lat' dir='ltr'>patietur?</span> <span class='ocrx_word' id='word_1_321' title='bbox 528 1856 693 1891; x_wconf 69' lang='lat' dir='ltr'>Attamen</span> <span class='ocrx_word' id='word_1_322' title='bbox 716 1855 846 1890; x_wconf 86' lang='lat' dir='ltr'>etiamsi</span> <span class='ocrx_word' id='word_1_323' title='bbox 868 1855 916 1890; x_wconf 85' lang='lat' dir='ltr'>ita</span> <span class='ocrx_word' id='word_1_324' title='bbox 937 1855 1076 1903; x_wconf 85' lang='lat' dir='ltr'>publice</span> <span class='ocrx_word' id='word_1_325' title='bbox 1101 1856 1277 1903; x_wconf 81' lang='lat' dir='ltr'>coarguti,</span> <span class='ocrx_word' id='word_1_326' title='bbox 1300 1856 1394 1904; x_wconf 84' lang='lat' dir='ltr'>quod</span> <span class='ocrx_word' id='word_1_327' title='bbox 1418 1856 1540 1890; x_wconf 86' lang='lat' dir='ltr'>insana</span> <span class='ocrx_word' id='word_1_328' title='bbox 1562 1865 1595 1891; x_wconf 87' lang='lat' dir='ltr'>et</span> <span class='ocrx_word' id='word_1_329' title='bbox 1618 1864 1793 1891; x_wconf 85' lang='lat' dir='ltr'>contume-</span> 
     </span>
     <span class='ocr_line' id='line_1_29' title="bbox 117 1916 1792 1960; baseline 0 -10"><span class='ocrx_word' id='word_1_330' title='bbox 117 1916 201 1952; x_wconf 85' lang='lat' dir='ltr'>liosa</span> <span class='ocrx_word' id='word_1_331' title='bbox 221 1917 384 1951; x_wconf 84' lang='lat' dir='ltr'>adversus</span> <span class='ocrx_word' id='word_1_332' title='bbox 404 1925 557 1951; x_wconf 86' lang='lat' dir='ltr'>sanctam</span> <span class='ocrx_word' id='word_1_333' title='bbox 577 1926 731 1952; x_wconf 88' lang='lat' dir='ltr'>nostram</span> <span class='ocrx_word' id='word_1_334' title='bbox 753 1917 978 1952; x_wconf 89' lang='lat' dir='ltr'>commentati</span> <span class='ocrx_word' id='word_1_335' title='bbox 1000 1917 1069 1951; x_wconf 89' lang='lat' dir='ltr'>sint</span> <span class='ocrx_word' id='word_1_336' title='bbox 1090 1917 1361 1960; x_wconf 80' lang='lat' dir='ltr'>confessionem,</span> <span class='ocrx_word' id='word_1_337' title='bbox 1383 1917 1610 1951; x_wconf 87' lang='lat' dir='ltr'>nihilominus</span> <span class='ocrx_word' id='word_1_338' title='bbox 1632 1917 1698 1951; x_wconf 89' lang='lat' dir='ltr'>hoc</span> <span class='ocrx_word' id='word_1_339' title='bbox 1721 1929 1792 1951; x_wconf 89' lang='lat' dir='ltr'>uno</span> 
     </span>
     <span class='ocr_line' id='line_1_30' title="bbox 119 1977 1793 2026; baseline 0 -15"><span class='ocrx_word' id='word_1_340' title='bbox 119 1991 159 2012; x_wconf 83' lang='lat' dir='ltr'>ex</span> <span class='ocrx_word' id='word_1_341' title='bbox 185 1977 344 2012; x_wconf 85' lang='lat' dir='ltr'>absurdis</span> <span class='ocrx_word' id='word_1_342' title='bbox 364 1977 580 2024; x_wconf 80' lang='lat' dir='ltr'>argumentis</span> <span class='ocrx_word' id='word_1_343' title='bbox 604 1978 675 2012; x_wconf 89' lang='lat' dir='ltr'>suis</span> <span class='ocrx_word' id='word_1_344' title='bbox 704 1978 893 2012; x_wconf 86' lang='lat' dir='ltr'>vanitatem</span> <span class='ocrx_word' id='word_1_345' title='bbox 917 1978 1045 2026; x_wconf 89' lang='lat' dir='ltr'>proprii</span> <span class='ocrx_word' id='word_1_346' title='bbox 1066 1978 1233 2025; x_wconf 81' lang='lat' dir='ltr'>dogmatis</span> <span class='ocrx_word' id='word_1_347' title='bbox 1256 1992 1289 2012; x_wconf 86' lang='lat' dir='ltr'>se</span> <span class='ocrx_word' id='word_1_348' title='bbox 1312 1978 1516 2013; x_wconf 85' lang='lat' dir='ltr'>confirmare</span> <span class='ocrx_word' id='word_1_349' title='bbox 1538 1977 1731 2026; x_wconf 74' lang='lat' dir='ltr'>putabant3</span> <span class='ocrx_word' id='word_1_350' title='bbox 1752 1986 1793 2012; x_wconf 91' lang='lat' dir='ltr'>ut</span> 
     </span>
    </p>
   </div>
   <div class='ocr_carea' id='block_1_5' title="bbox 110 2058 1794 2930">
    <p class='ocr_par' dir='ltr' id='par_1_6' title="bbox 110 2058 1794 2930">
     <span class='ocr_line' id='line_1_31' title="bbox 117 2058 1794 2093; baseline 0.001 -10"><span class='ocrx_word' id='word_1_351' title='bbox 117 2059 222 2093; x_wconf 72' lang='lat' dir='ltr'>Moyses</span> <span class='ocrx_word' id='word_1_352' title='bbox 241 2059 421 2086; x_wconf 84' lang='lat' dir='ltr'>Chorenensis</span> <span class='ocrx_word' id='word_1_353' title='bbox 441 2058 505 2085; x_wconf 86' lang='lat' dir='ltr'>hist.</span> <span class='ocrx_word' id='word_1_354' title='bbox 527 2061 602 2086; x_wconf 76' lang='lat' dir='ltr'>Arm.</span> <span class='ocrx_word' id='word_1_355' title='bbox 619 2059 667 2085; x_wconf 89' lang='lat' dir='ltr'>lib.</span> <span class='ocrx_word' id='word_1_356' title='bbox 686 2060 720 2086; x_wconf 85' lang='grc' dir='ltr'>ΙΙ.</span> <span class='ocrx_word' id='word_1_357' title='bbox 738 2062 780 2086; x_wconf 83' lang='lat'>32.</span> <span class='ocrx_word' id='word_1_358' title='bbox 802 2060 869 2086; x_wconf 84' lang='lat' dir='ltr'>Item</span> <span class='ocrx_word' id='word_1_359' title='bbox 888 2060 946 2086; x_wconf 85' lang='lat' dir='ltr'>eius</span> <span class='ocrx_word' id='word_1_360' title='bbox 964 2060 1050 2087; x_wconf 88' lang='lat' dir='ltr'>iconis</span> <span class='ocrx_word' id='word_1_361' title='bbox 1070 2060 1196 2086; x_wconf 83' lang='lat' dir='ltr'>meminit</span> <span class='ocrx_word' id='word_1_362' title='bbox 1216 2059 1376 2088; x_wconf 83' lang='lat' dir='ltr'>Hadrianus</span> <span class='ocrx_word' id='word_1_363' title='bbox 1396 2061 1416 2086; x_wconf 84' lang='grc' dir='ltr'>Ι.</span> <span class='ocrx_word' id='word_1_364' title='bbox 1435 2061 1486 2085; x_wconf 85' lang='grc' dir='ltr'>ΡΡ.</span> <span class='ocrx_word' id='word_1_365' title='bbox 1504 2067 1566 2086; x_wconf 85' lang='grc'><strong>011111</strong></span> <span class='ocrx_word' id='word_1_366' title='bbox 1586 2067 1635 2086; x_wconf 87' lang='grc'><strong>5110</strong></span> <span class='ocrx_word' id='word_1_367' title='bbox 1654 2058 1794 2085; x_wconf 83' lang='lat' dir='ltr'>decessore</span> 
     </span>
     <span class='ocr_line' id='line_1_32' title="bbox 115 2101 1793 2139; baseline 0 -11"><span class='ocrx_word' id='word_1_368' title='bbox 115 2102 271 2136; x_wconf 76' lang='lat' dir='ltr'>Stephano,</span> <span class='ocrx_word' id='word_1_369' title='bbox 291 2104 320 2129; x_wconf 89' lang='lat' dir='ltr'>iu</span> <span class='ocrx_word' id='word_1_370' title='bbox 339 2103 437 2129; x_wconf 76' lang='lat' dir='ltr'>celebri</span> <span class='ocrx_word' id='word_1_371' title='bbox 457 2103 491 2129; x_wconf 89' lang='lat' dir='ltr'>ad</span> <span class='ocrx_word' id='word_1_372' title='bbox 510 2103 637 2131; x_wconf 83' lang='lat' dir='ltr'>Carolum</span> <span class='ocrx_word' id='word_1_373' title='bbox 659 2112 788 2135; x_wconf 62' lang='lat' dir='ltr'>maenum</span> <span class='ocrx_word' id='word_1_374' title='bbox 808 2104 920 2138; x_wconf 82' lang='lat' dir='ltr'>epistola</span> <span class='ocrx_word' id='word_1_375' title='bbox 942 2112 987 2138; x_wconf 90' lang='lat' dir='ltr'>pro</span> <span class='ocrx_word' id='word_1_376' title='bbox 1007 2104 1126 2131; x_wconf 83' lang='lat' dir='ltr'>secunda</span> <span class='ocrx_word' id='word_1_377' title='bbox 1146 2104 1259 2131; x_wconf 78' lang='lat' dir='ltr'>nicaena</span> <span class='ocrx_word' id='word_1_378' title='bbox 1282 2104 1386 2139; x_wconf 78' lang='lat' dir='ltr'>synodo</span> <span class='ocrx_word' id='word_1_379' title='bbox 1408 2103 1535 2130; x_wconf 82' lang='lat' dir='ltr'>adversus</span> <span class='ocrx_word' id='word_1_380' title='bbox 1556 2103 1690 2129; x_wconf 78' lang='lat' dir='ltr'>carolinos</span> <span class='ocrx_word' id='word_1_381' title='bbox 1709 2101 1793 2129; x_wconf 85' lang='lat' dir='ltr'>libros</span> 
     </span>
     <span class='ocr_line' id='line_1_33' title="bbox 117 2146 1793 2183; baseline -0.001 -10"><span class='ocrx_word' id='word_1_382' title='bbox 117 2147 233 2180; x_wconf 77' lang='lat' dir='ltr'>&lt;quihus</span> <span class='ocrx_word' id='word_1_383' title='bbox 252 2147 346 2173; x_wconf 83' lang='lat' dir='ltr'>inanes</span> <span class='ocrx_word' id='word_1_384' title='bbox 365 2148 502 2182; x_wconf 82' lang='lat' dir='ltr'>suppetias</span> <span class='ocrx_word' id='word_1_385' title='bbox 521 2147 646 2174; x_wconf 86' lang='lat' dir='ltr'>tulerunt</span> <span class='ocrx_word' id='word_1_386' title='bbox 665 2152 813 2174; x_wconf 77' lang='lat' dir='ltr'>com-entus</span> <span class='ocrx_word' id='word_1_387' title='bbox 832 2148 987 2182; x_wconf 80' lang='lat' dir='ltr'>parisiensis</span> <span class='ocrx_word' id='word_1_388' title='bbox 1005 2149 1123 2183; x_wconf 74' lang='lat' dir='ltr'>episcopi</span> <span class='ocrx_word' id='word_1_389' title='bbox 1139 2148 1242 2175; x_wconf 69' lang='lat' dir='ltr'>concil.</span> <span class='ocrx_word' id='word_1_390' title='bbox 1260 2148 1332 2175; x_wconf 84' lang='lat' dir='ltr'>Gall.</span> <span class='ocrx_word' id='word_1_391' title='bbox 1350 2148 1490 2182; x_wconf 83' lang='lat' dir='ltr'>Supplem.</span> <span class='ocrx_word' id='word_1_392' title='bbox 1507 2149 1537 2173; x_wconf 94' lang='lat' dir='ltr'>T.</span> <span class='ocrx_word' id='word_1_393' title='bbox 1557 2148 1576 2173; x_wconf 93' lang='lat' dir='ltr'>l.</span> <span class='ocrx_word' id='word_1_394' title='bbox 1589 2150 1596 2178; x_wconf 89' lang='lat'><em>)</em></span> <span class='ocrx_word' id='word_1_395' title='bbox 1611 2147 1691 2173; x_wconf 85' lang='lat' dir='ltr'>citata</span> <span class='ocrx_word' id='word_1_396' title='bbox 1712 2146 1793 2173; x_wconf 88' lang='lat' dir='ltr'>etiam</span> 
     </span>
     <span class='ocr_line' id='line_1_34' title="bbox 118 2190 1791 2227; baseline -0.001 -11"><span class='ocrx_word' id='word_1_397' title='bbox 118 2191 201 2217; x_wconf 85' lang='lat' dir='ltr'>trium</span> <span class='ocrx_word' id='word_1_398' title='bbox 221 2191 436 2225; x_wconf 79' lang='lat' dir='ltr'>patriarcharum</span> <span class='ocrx_word' id='word_1_399' title='bbox 456 2191 649 2223; x_wconf 75' lang='lat' dir='ltr'>Alexandriae.</span> <span class='ocrx_word' id='word_1_400' title='bbox 669 2192 845 2224; x_wconf 78' lang='lat' dir='ltr'>Antiochiae,</span> <span class='ocrx_word' id='word_1_401' title='bbox 862 2196 888 2218; x_wconf 88' lang='lat' dir='ltr'>et</span> <span class='ocrx_word' id='word_1_402' title='bbox 907 2192 1157 2227; x_wconf 72' lang='lat' dir='ltr'>Hierosolymorum</span> <span class='ocrx_word' id='word_1_403' title='bbox 1175 2191 1304 2227; x_wconf 79' lang='lat' dir='ltr'>synodica</span> <span class='ocrx_word' id='word_1_404' title='bbox 1326 2191 1425 2223; x_wconf 42' lang='grc' dir='ltr'>ΚΙΑ11111.</span> <span class='ocrx_word' id='word_1_405' title='bbox 1441 2191 1540 2218; x_wconf 71' lang='lat' dir='ltr'>concil.</span> <span class='ocrx_word' id='word_1_406' title='bbox 1556 2190 1599 2217; x_wconf 84' lang='lat' dir='ltr'>ed.</span> <span class='ocrx_word' id='word_1_407' title='bbox 1617 2195 1667 2217; x_wconf 76' lang='lat' dir='ltr'>vet.</span> <span class='ocrx_word' id='word_1_408' title='bbox 1684 2191 1714 2216; x_wconf 87' lang='lat' dir='ltr'>T.</span> <span class='ocrx_word' id='word_1_409' title='bbox 1732 2191 1791 2216; x_wconf 81' lang='lat' dir='ltr'>vll.</span> 
     </span>
     <span class='ocr_line' id='line_1_35' title="bbox 115 2234 1792 2271; baseline 0 -11"><span class='ocrx_word' id='word_1_410' title='bbox 115 2235 168 2261; x_wconf 83' lang='grc'><strong>001.</strong></span> <span class='ocrx_word' id='word_1_411' title='bbox 183 2238 261 2265; x_wconf 81' lang='lat'>923.)</span> <span class='ocrx_word' id='word_1_412' title='bbox 277 2234 417 2261; x_wconf 72' lang='lat' dir='ltr'>Accedunt</span> <span class='ocrx_word' id='word_1_413' title='bbox 431 2239 521 2261; x_wconf 83' lang='lat' dir='ltr'>autem</span> <span class='ocrx_word' id='word_1_414' title='bbox 537 2239 620 2262; x_wconf 84' lang='lat' dir='ltr'>testes</span> <span class='ocrx_word' id='word_1_415' title='bbox 635 2235 779 2267; x_wconf 56' lang='lat' dir='ltr'>lix-agrius,</span> <span class='ocrx_word' id='word_1_416' title='bbox 796 2235 853 2262; x_wconf 90' lang='grc'><strong>1011.</strong></span> <span class='ocrx_word' id='word_1_417' title='bbox 869 2235 1063 2267; x_wconf 73' lang='lat' dir='ltr'>damascenus,</span> <span class='ocrx_word' id='word_1_418' title='bbox 1078 2235 1235 2271; x_wconf 67' lang='lat' dir='ltr'>Syncellus,</span> <span class='ocrx_word' id='word_1_419' title='bbox 1249 2235 1398 2262; x_wconf 83' lang='lat' dir='ltr'>Cedrenus.</span> <span class='ocrx_word' id='word_1_420' title='bbox 1415 2251 1449 2255; x_wconf 90' lang='lat'>—</span> <span class='ocrx_word' id='word_1_421' title='bbox 1464 2234 1515 2261; x_wconf 86' lang='lat' dir='ltr'>Sed</span> <span class='ocrx_word' id='word_1_422' title='bbox 1531 2234 1636 2261; x_wconf 87' lang='lat' dir='ltr'>etiamsi</span> <span class='ocrx_word' id='word_1_423' title='bbox 1653 2242 1703 2261; x_wconf 91' lang='lat' dir='ltr'>nos</span> <span class='ocrx_word' id='word_1_424' title='bbox 1718 2242 1792 2268; x_wconf 86' lang='lat' dir='ltr'>prae-</span> 
     </span>
     <span class='ocr_line' id='line_1_36' title="bbox 117 2278 1792 2314; baseline 0 -10"><span class='ocrx_word' id='word_1_425' title='bbox 117 2278 294 2304; x_wconf 80' lang='lat' dir='ltr'>termittimus</span> <span class='ocrx_word' id='word_1_426' title='bbox 308 2278 341 2305; x_wconf 86' lang='lat' dir='ltr'>de</span> <span class='ocrx_word' id='word_1_427' title='bbox 356 2279 477 2313; x_wconf 86' lang='lat' dir='ltr'>epistolis</span> <span class='ocrx_word' id='word_1_428' title='bbox 492 2279 549 2307; x_wconf 87' lang='lat' dir='ltr'>illis</span> <span class='ocrx_word' id='word_1_429' title='bbox 564 2284 589 2306; x_wconf 86' lang='lat' dir='ltr'>et</span> <span class='ocrx_word' id='word_1_430' title='bbox 605 2279 638 2306; x_wconf 83' lang='lat' dir='ltr'>de</span> <span class='ocrx_word' id='word_1_431' title='bbox 654 2280 731 2306; x_wconf 79' lang='lat' dir='ltr'>icone</span> <span class='ocrx_word' id='word_1_432' title='bbox 750 2279 878 2306; x_wconf 83' lang='lat' dir='ltr'>edessena</span> <span class='ocrx_word' id='word_1_433' title='bbox 895 2279 1016 2306; x_wconf 83' lang='lat' dir='ltr'>criticam</span> <span class='ocrx_word' id='word_1_434' title='bbox 1033 2280 1267 2314; x_wconf 66' lang='lat' dir='ltr'>disquisitioneim</span> <span class='ocrx_word' id='word_1_435' title='bbox 1283 2284 1349 2306; x_wconf 85' lang='lat' dir='ltr'>sunt</span> <span class='ocrx_word' id='word_1_436' title='bbox 1362 2288 1392 2306; x_wconf 87' lang='lat' dir='ltr'>ea</span> <span class='ocrx_word' id='word_1_437' title='bbox 1408 2283 1479 2306; x_wconf 85' lang='lat' dir='ltr'>certe</span> <span class='ocrx_word' id='word_1_438' title='bbox 1494 2279 1710 2306; x_wconf 82' lang='lat' dir='ltr'>luculentissima</span> <span class='ocrx_word' id='word_1_439' title='bbox 1724 2286 1792 2313; x_wconf 80' lang='lat' dir='ltr'>quae</span> 
     </span>
     <span class='ocr_line' id='line_1_37' title="bbox 115 2322 1792 2359; baseline 0.001 -11"><span class='ocrx_word' id='word_1_440' title='bbox 115 2330 163 2356; x_wconf 88' lang='lat' dir='ltr'>pro</span> <span class='ocrx_word' id='word_1_441' title='bbox 182 2331 217 2349; x_wconf 89' lang='lat' dir='ltr'>ss.</span> <span class='ocrx_word' id='word_1_442' title='bbox 234 2323 385 2357; x_wconf 73' lang='lat' dir='ltr'>imaginum</span> <span class='ocrx_word' id='word_1_443' title='bbox 405 2328 534 2358; x_wconf 87' lang='lat' dir='ltr'>perpetuo</span> <span class='ocrx_word' id='word_1_444' title='bbox 553 2323 626 2359; x_wconf 87' lang='lat' dir='ltr'>apud</span> <span class='ocrx_word' id='word_1_445' title='bbox 645 2324 787 2351; x_wconf 84' lang='lat' dir='ltr'>ecclesiam</span> <span class='ocrx_word' id='word_1_446' title='bbox 807 2322 948 2351; x_wconf 85' lang='lat' dir='ltr'>romanam</span> <span class='ocrx_word' id='word_1_447' title='bbox 968 2324 1043 2351; x_wconf 83' lang='lat' dir='ltr'>cultu</span> <span class='ocrx_word' id='word_1_448' title='bbox 1063 2324 1157 2351; x_wconf 81' lang='lat' dir='ltr'>scribit</span> <span class='ocrx_word' id='word_1_449' title='bbox 1173 2324 1329 2351; x_wconf 79' lang='lat' dir='ltr'>Hadrianus</span> <span class='ocrx_word' id='word_1_450' title='bbox 1349 2325 1377 2350; x_wconf 88' lang='lat' dir='ltr'>in</span> <span class='ocrx_word' id='word_1_451' title='bbox 1397 2323 1468 2350; x_wconf 85' lang='lat' dir='ltr'>dieta</span> <span class='ocrx_word' id='word_1_452' title='bbox 1488 2324 1600 2358; x_wconf 87' lang='lat' dir='ltr'>epistola</span> <span class='ocrx_word' id='word_1_453' title='bbox 1621 2331 1646 2358; x_wconf 83' lang='lat' dir='ltr'>p.</span> <span class='ocrx_word' id='word_1_454' title='bbox 1664 2326 1728 2356; x_wconf 71' lang='lat'>944,</span> <span class='ocrx_word' id='word_1_455' title='bbox 1745 2323 1792 2350; x_wconf 82' lang='lat' dir='ltr'>uhi</span> 
     </span>
     <span class='ocr_line' id='line_1_38' title="bbox 115 2365 1792 2402; baseline 0.001 -9"><span class='ocrx_word' id='word_1_456' title='bbox 115 2365 148 2393; x_wconf 87' lang='lat' dir='ltr'>de</span> <span class='ocrx_word' id='word_1_457' title='bbox 167 2367 290 2394; x_wconf 86' lang='lat' dir='ltr'>conciliis</span> <span class='ocrx_word' id='word_1_458' title='bbox 309 2368 429 2394; x_wconf 87' lang='lat' dir='ltr'>romanis</span> <span class='ocrx_word' id='word_1_459' title='bbox 448 2375 496 2402; x_wconf 85' lang='lat' dir='ltr'>pro</span> <span class='ocrx_word' id='word_1_460' title='bbox 515 2376 546 2395; x_wconf 90' lang='lat' dir='ltr'>eo</span> <span class='ocrx_word' id='word_1_461' title='bbox 565 2368 692 2402; x_wconf 71' lang='lat' dir='ltr'>dogmate</span> <span class='ocrx_word' id='word_1_462' title='bbox 711 2368 870 2400; x_wconf 82' lang='lat' dir='ltr'>celebratis;</span> <span class='ocrx_word' id='word_1_463' title='bbox 891 2369 1048 2402; x_wconf 82' lang='lat' dir='ltr'>praesertim</span> <span class='ocrx_word' id='word_1_464' title='bbox 1069 2377 1129 2395; x_wconf 76' lang='lat' dir='ltr'>vero</span> <span class='ocrx_word' id='word_1_465' title='bbox 1149 2368 1201 2395; x_wconf 79' lang='lat' dir='ltr'>col.</span> <span class='ocrx_word' id='word_1_466' title='bbox 1222 2372 1357 2400; x_wconf 61' lang='lat' dir='ltr'>oss-958,</span> <span class='ocrx_word' id='word_1_467' title='bbox 1377 2368 1424 2394; x_wconf 88' lang='lat' dir='ltr'>nbi</span> <span class='ocrx_word' id='word_1_468' title='bbox 1444 2375 1570 2394; x_wconf 83' lang='lat' dir='ltr'>romanos</span> <span class='ocrx_word' id='word_1_469' title='bbox 1588 2367 1730 2402; x_wconf 78' lang='lat' dir='ltr'>pontifices</span> <span class='ocrx_word' id='word_1_470' title='bbox 1749 2376 1792 2394; x_wconf 85' lang='lat' dir='ltr'>eo-</span> 
     </span>
     <span class='ocr_line' id='line_1_39' title="bbox 114 2411 1791 2447; baseline 0.002 -11"><span class='ocrx_word' id='word_1_471' title='bbox 114 2411 189 2444; x_wconf 87' lang='lat' dir='ltr'>piose</span> <span class='ocrx_word' id='word_1_472' title='bbox 207 2416 364 2442; x_wconf 82' lang='lat' dir='ltr'>enumerat,</span> <span class='ocrx_word' id='word_1_473' title='bbox 380 2412 427 2446; x_wconf 87' lang='lat' dir='ltr'>qui</span> <span class='ocrx_word' id='word_1_474' title='bbox 442 2412 542 2438; x_wconf 77' lang='lat' dir='ltr'>Christi</span> <span class='ocrx_word' id='word_1_475' title='bbox 562 2417 589 2439; x_wconf 86' lang='lat' dir='ltr'>et</span> <span class='ocrx_word' id='word_1_476' title='bbox 607 2417 764 2439; x_wconf 85' lang='lat' dir='ltr'>sanctorum</span> <span class='ocrx_word' id='word_1_477' title='bbox 784 2411 951 2447; x_wconf 78' lang='lat' dir='ltr'>imaginihus</span> <span class='ocrx_word' id='word_1_478' title='bbox 970 2416 1028 2439; x_wconf 84' lang='lat' dir='ltr'>tuin</span> <span class='ocrx_word' id='word_1_479' title='bbox 1049 2413 1128 2447; x_wconf 86' lang='lat' dir='ltr'>pictis</span> <span class='ocrx_word' id='word_1_480' title='bbox 1147 2417 1206 2439; x_wconf 83' lang='lat' dir='ltr'>tum</span> <span class='ocrx_word' id='word_1_481' title='bbox 1228 2413 1310 2439; x_wconf 88' lang='lat' dir='ltr'>etiam</span> <span class='ocrx_word' id='word_1_482' title='bbox 1327 2412 1430 2438; x_wconf 78' lang='lat' dir='ltr'>musivo</span> <span class='ocrx_word' id='word_1_483' title='bbox 1449 2420 1528 2446; x_wconf 84' lang='lat' dir='ltr'>opere</span> <span class='ocrx_word' id='word_1_484' title='bbox 1548 2420 1578 2438; x_wconf 84' lang='lat' dir='ltr'>ae.</span> <span class='ocrx_word' id='word_1_485' title='bbox 1598 2412 1715 2446; x_wconf 91' lang='lat' dir='ltr'>pretioso</span> <span class='ocrx_word' id='word_1_486' title='bbox 1735 2420 1791 2439; x_wconf 86' lang='lat' dir='ltr'>me-</span> 
     </span>
     <span class='ocr_line' id='line_1_40' title="bbox 115 2454 1790 2491; baseline 0.002 -11"><span class='ocrx_word' id='word_1_487' title='bbox 115 2454 181 2481; x_wconf 87' lang='lat' dir='ltr'>tallo</span> <span class='ocrx_word' id='word_1_488' title='bbox 200 2455 332 2489; x_wconf 84' lang='lat' dir='ltr'>expressis</span> <span class='ocrx_word' id='word_1_489' title='bbox 351 2455 469 2482; x_wconf 85' lang='lat' dir='ltr'>urbanas</span> <span class='ocrx_word' id='word_1_490' title='bbox 488 2456 614 2483; x_wconf 84' lang='lat' dir='ltr'>basilicas</span> <span class='ocrx_word' id='word_1_491' title='bbox 633 2457 812 2491; x_wconf 67' lang='lat' dir='ltr'>oppleverunt</span> <span class='ocrx_word' id='word_1_492' title='bbox 826 2460 921 2491; x_wconf 88' lang='lat' dir='ltr'>(quem</span> <span class='ocrx_word' id='word_1_493' title='bbox 936 2456 1068 2483; x_wconf 84' lang='lat' dir='ltr'>Hadriani</span> <span class='ocrx_word' id='word_1_494' title='bbox 1086 2457 1176 2483; x_wconf 86' lang='lat' dir='ltr'>locum</span> <span class='ocrx_word' id='word_1_495' title='bbox 1194 2457 1301 2483; x_wconf 86' lang='lat' dir='ltr'>utinam</span> <span class='ocrx_word' id='word_1_496' title='bbox 1321 2457 1390 2483; x_wconf 83' lang='lat' dir='ltr'>sacri</span> <span class='ocrx_word' id='word_1_497' title='bbox 1406 2456 1550 2491; x_wconf 86' lang='lat' dir='ltr'>antiquarii</span> <span class='ocrx_word' id='word_1_498' title='bbox 1566 2464 1621 2483; x_wconf 89' lang='grc'><strong>11011</strong></span> <span class='ocrx_word' id='word_1_499' title='bbox 1635 2456 1790 2491; x_wconf 70' lang='lat' dir='ltr'>negligant,</span> 
     </span>
     <span class='ocr_line' id='line_1_41' title="bbox 114 2498 1792 2535; baseline 0.001 -10"><span class='ocrx_word' id='word_1_500' title='bbox 114 2498 271 2526; x_wconf 78' lang='lat' dir='ltr'>heterodoxi</span> <span class='ocrx_word' id='word_1_501' title='bbox 286 2507 346 2525; x_wconf 78' lang='lat' dir='ltr'>vero</span> <span class='ocrx_word' id='word_1_502' title='bbox 362 2499 530 2527; x_wconf 79' lang='lat' dir='ltr'>iconomachi</span> <span class='ocrx_word' id='word_1_503' title='bbox 546 2509 608 2527; x_wconf 91' lang='grc'><strong>011111</strong></span> <span class='ocrx_word' id='word_1_504' title='bbox 630 2501 720 2527; x_wconf 84' lang='lat' dir='ltr'>fructu</span> <span class='ocrx_word' id='word_1_505' title='bbox 736 2501 827 2535; x_wconf 87' lang='lat' dir='ltr'>aliquo</span> <span class='ocrx_word' id='word_1_506' title='bbox 842 2501 969 2535; x_wconf 67' lang='lat' dir='ltr'>legam&gt;</span> <span class='ocrx_word' id='word_1_507' title='bbox 988 2502 1073 2527; x_wconf 87' lang='lat' dir='ltr'>Porro</span> <span class='ocrx_word' id='word_1_508' title='bbox 1088 2502 1161 2527; x_wconf 88' lang='lat' dir='ltr'>inter</span> <span class='ocrx_word' id='word_1_509' title='bbox 1177 2501 1329 2535; x_wconf 71' lang='lat' dir='ltr'>pontifives,</span> <span class='ocrx_word' id='word_1_510' title='bbox 1346 2505 1462 2535; x_wconf 85' lang='lat' dir='ltr'>utroque</span> <span class='ocrx_word' id='word_1_511' title='bbox 1473 2501 1605 2535; x_wconf 76' lang='lat' dir='ltr'>&#39;epistotae</span> <span class='ocrx_word' id='word_1_512' title='bbox 1620 2500 1694 2533; x_wconf 80' lang='grc'><strong>1000,</strong></span> <span class='ocrx_word' id='word_1_513' title='bbox 1711 2509 1792 2535; x_wconf 83' lang='lat' dir='ltr'>prope</span> 
     </span>
     <span class='ocr_line' id='line_1_42' title="bbox 111 2545 1788 2580; baseline 0.002 -10"><span class='ocrx_word' id='word_1_514' title='bbox 111 2545 214 2571; x_wconf 85' lang='lat' dir='ltr'>eminet</span> <span class='ocrx_word' id='word_1_515' title='bbox 228 2545 375 2576; x_wconf 61' lang='lat' dir='ltr'>Gref-‹ortus</span> <span class='ocrx_word' id='word_1_516' title='bbox 394 2545 484 2572; x_wconf 88' lang='lat' dir='ltr'>iunior</span> <span class='ocrx_word' id='word_1_517' title='bbox 502 2546 556 2573; x_wconf 74' lang='lat' dir='ltr'>sire</span> <span class='ocrx_word' id='word_1_518' title='bbox 575 2546 727 2579; x_wconf 75' lang='lat' dir='ltr'>secundus,</span> <span class='ocrx_word' id='word_1_519' title='bbox 743 2546 819 2573; x_wconf 84' lang='lat' dir='ltr'>cuius</span> <span class='ocrx_word' id='word_1_520' title='bbox 838 2547 974 2580; x_wconf 57' lang='lat' dir='ltr'>egres-&#39;iam</span> <span class='ocrx_word' id='word_1_521' title='bbox 994 2546 1027 2573; x_wconf 85' lang='lat' dir='ltr'>de</span> <span class='ocrx_word' id='word_1_522' title='bbox 1046 2555 1081 2573; x_wconf 87' lang='lat' dir='ltr'>ss.</span> <span class='ocrx_word' id='word_1_523' title='bbox 1106 2547 1256 2579; x_wconf 62' lang='lat' dir='ltr'>imaginum</span> <span class='ocrx_word' id='word_1_524' title='bbox 1277 2546 1391 2573; x_wconf 79' lang='lat' dir='ltr'>honesto</span> <span class='ocrx_word' id='word_1_525' title='bbox 1410 2555 1440 2573; x_wconf 91' lang='lat' dir='ltr'>ac</span> <span class='ocrx_word' id='word_1_526' title='bbox 1460 2547 1599 2573; x_wconf 85' lang='lat' dir='ltr'>moderato</span> <span class='ocrx_word' id='word_1_527' title='bbox 1620 2547 1721 2573; x_wconf 82' lang='lat' dir='ltr'>honore</span> <span class='ocrx_word' id='word_1_528' title='bbox 1741 2546 1788 2573; x_wconf 76' lang='lat' dir='ltr'>do-</span> 
     </span>
     <span class='ocr_line' id='line_1_43' title="bbox 111 2588 1788 2626; baseline 0.001 -11"><span class='ocrx_word' id='word_1_529' title='bbox 111 2589 228 2615; x_wconf 85' lang='lat' dir='ltr'>ctrinam</span> <span class='ocrx_word' id='word_1_530' title='bbox 249 2588 364 2616; x_wconf 81' lang='lat' dir='ltr'>feliciter</span> <span class='ocrx_word' id='word_1_531' title='bbox 382 2597 430 2616; x_wconf 89' lang='lat' dir='ltr'>nos</span> <span class='ocrx_word' id='word_1_532' title='bbox 451 2590 613 2624; x_wconf 86' lang='lat' dir='ltr'>protulimus</span> <span class='ocrx_word' id='word_1_533' title='bbox 626 2599 656 2618; x_wconf 85' lang='lat' dir='ltr'>ex</span> <span class='ocrx_word' id='word_1_534' title='bbox 669 2591 779 2618; x_wconf 82' lang='lat' dir='ltr'>ineditis</span> <span class='ocrx_word' id='word_1_535' title='bbox 794 2591 886 2618; x_wconf 82' lang='lat' dir='ltr'>Albini</span> <span class='ocrx_word' id='word_1_536' title='bbox 906 2591 1080 2618; x_wconf 76' lang='lat' dir='ltr'>collectaneis</span> <span class='ocrx_word' id='word_1_537' title='bbox 1101 2592 1128 2618; x_wconf 89' lang='lat' dir='ltr'>in</span> <span class='ocrx_word' id='word_1_538' title='bbox 1144 2591 1290 2626; x_wconf 66' lang='lat' dir='ltr'>Spicilegio</span> <span class='ocrx_word' id='word_1_539' title='bbox 1310 2599 1377 2618; x_wconf 88' lang='lat' dir='ltr'>rom.</span> <span class='ocrx_word' id='word_1_540' title='bbox 1392 2593 1422 2618; x_wconf 85' lang='lat' dir='ltr'>T.</span> <span class='ocrx_word' id='word_1_541' title='bbox 1437 2593 1482 2618; x_wconf 82' lang='lat' dir='ltr'>Vl.</span> <span class='ocrx_word' id='word_1_542' title='bbox 1499 2591 1581 2626; x_wconf 84' lang='lat' dir='ltr'>praes.</span> <span class='ocrx_word' id='word_1_543' title='bbox 1596 2599 1623 2626; x_wconf 93' lang='lat' dir='ltr'>p.</span> <span class='ocrx_word' id='word_1_544' title='bbox 1638 2592 1697 2617; x_wconf 83' lang='lat' dir='ltr'>XV.</span> <span class='ocrx_word' id='word_1_545' title='bbox 1714 2591 1788 2617; x_wconf 82' lang='lat' dir='ltr'>Idem</span> 
     </span>
     <span class='ocr_line' id='line_1_44' title="bbox 113 2632 1788 2671; baseline 0.001 -12"><span class='ocrx_word' id='word_1_546' title='bbox 113 2633 164 2659; x_wconf 90' lang='lat' dir='ltr'>hoc</span> <span class='ocrx_word' id='word_1_547' title='bbox 183 2632 281 2667; x_wconf 73' lang='lat' dir='ltr'>dogma</span> <span class='ocrx_word' id='word_1_548' title='bbox 302 2637 376 2660; x_wconf 81' lang='lat' dir='ltr'>tanta</span> <span class='ocrx_word' id='word_1_549' title='bbox 397 2633 524 2661; x_wconf 73' lang='lat' dir='ltr'>firmitate</span> <span class='ocrx_word' id='word_1_550' title='bbox 544 2635 667 2667; x_wconf 82' lang='lat' dir='ltr'>tenebat,</span> <span class='ocrx_word' id='word_1_551' title='bbox 684 2639 715 2662; x_wconf 91' lang='lat' dir='ltr'>ut</span> <span class='ocrx_word' id='word_1_552' title='bbox 734 2635 855 2662; x_wconf 83' lang='lat' dir='ltr'>scribens</span> <span class='ocrx_word' id='word_1_553' title='bbox 874 2634 908 2661; x_wconf 89' lang='lat' dir='ltr'>ad</span> <span class='ocrx_word' id='word_1_554' title='bbox 928 2636 1046 2662; x_wconf 85' lang='lat' dir='ltr'>Leonem</span> <span class='ocrx_word' id='word_1_555' title='bbox 1067 2640 1092 2662; x_wconf 90' lang='lat' dir='ltr'>et</span> <span class='ocrx_word' id='word_1_556' title='bbox 1113 2636 1324 2663; x_wconf 87' lang='lat' dir='ltr'>Constantinum</span> <span class='ocrx_word' id='word_1_557' title='bbox 1341 2635 1423 2671; x_wconf 87' lang='lat' dir='ltr'>impp.</span> <span class='ocrx_word' id='word_1_558' title='bbox 1441 2636 1590 2663; x_wconf 83' lang='lat' dir='ltr'>haereticos</span> <span class='ocrx_word' id='word_1_559' title='bbox 1605 2635 1692 2662; x_wconf 88' lang='lat' dir='ltr'>dicat:</span> <span class='ocrx_word' id='word_1_560' title='bbox 1712 2649 1721 2658; x_wconf 73' lang='grc' dir='ltr'>«ι</span> <span class='ocrx_word' id='word_1_561' title='bbox 1740 2643 1788 2669; x_wconf 90' lang='lat' dir='ltr'>pro</span> 
     </span>
     <span class='ocr_line' id='line_1_45' title="bbox 114 2676 1787 2714; baseline 0.002 -12"><span class='ocrx_word' id='word_1_562' title='bbox 114 2689 124 2698; x_wconf 58' lang='grc' dir='ltr'>ιῚ</span> <span class='ocrx_word' id='word_1_563' title='bbox 147 2677 230 2703; x_wconf 88' lang='lat' dir='ltr'>saeris</span> <span class='ocrx_word' id='word_1_564' title='bbox 245 2676 411 2709; x_wconf 62' lang='lat' dir='ltr'>imaginibus</span> <span class='ocrx_word' id='word_1_565' title='bbox 426 2677 516 2704; x_wconf 86' lang='lat' dir='ltr'>onmia</span> <span class='ocrx_word' id='word_1_566' title='bbox 537 2682 563 2704; x_wconf 88' lang='lat' dir='ltr'>ct</span> <span class='ocrx_word' id='word_1_567' title='bbox 582 2679 639 2713; x_wconf 85' lang='lat' dir='ltr'>ipsa</span> <span class='ocrx_word' id='word_1_568' title='bbox 655 2682 748 2705; x_wconf 87' lang='lat' dir='ltr'>nostra</span> <span class='ocrx_word' id='word_1_569' title='bbox 764 2678 912 2711; x_wconf 81' lang='lat' dir='ltr'>tradimus,</span> <span class='ocrx_word' id='word_1_570' title='bbox 928 2679 951 2705; x_wconf 85' lang='lat' dir='ltr'>si</span> <span class='ocrx_word' id='word_1_571' title='bbox 970 2679 1130 2713; x_wconf 68' lang='lat' dir='ltr'>eontigerit⁷</span> <span class='ocrx_word' id='word_1_572' title='bbox 1147 2687 1267 2714; x_wconf 78' lang='lat' dir='ltr'>corpora.</span> <span class='ocrx_word' id='word_1_573' title='bbox 1288 2691 1297 2702; x_wconf 58' lang='grc' dir='ltr'>ιν</span> <span class='ocrx_word' id='word_1_574' title='bbox 1317 2680 1441 2714; x_wconf 85' lang='lat' dir='ltr'>Denique</span> <span class='ocrx_word' id='word_1_575' title='bbox 1459 2688 1508 2706; x_wconf 80' lang='grc'><strong>0111·</strong></span> <span class='ocrx_word' id='word_1_576' title='bbox 1525 2681 1669 2714; x_wconf 81' lang='lat' dir='ltr'>praecipue</span> <span class='ocrx_word' id='word_1_577' title='bbox 1684 2680 1787 2705; x_wconf 86' lang='lat' dir='ltr'>romani</span> 
     </span>
     <span class='ocr_line' id='line_1_46' title="bbox 111 2720 1787 2759; baseline 0.001 -13"><span class='ocrx_word' id='word_1_578' title='bbox 111 2720 253 2754; x_wconf 85' lang='lat' dir='ltr'>pontifices</span> <span class='ocrx_word' id='word_1_579' title='bbox 276 2721 349 2747; x_wconf 88' lang='lat' dir='ltr'>hune</span> <span class='ocrx_word' id='word_1_580' title='bbox 373 2729 481 2756; x_wconf 87' lang='lat' dir='ltr'>quoque</span> <span class='ocrx_word' id='word_1_581' title='bbox 505 2722 660 2757; x_wconf 76' lang='lat' dir='ltr'>religiosum</span> <span class='ocrx_word' id='word_1_582' title='bbox 685 2723 832 2750; x_wconf 85' lang='lat' dir='ltr'>articulum</span> <span class='ocrx_word' id='word_1_583' title='bbox 856 2723 1042 2756; x_wconf 77' lang='lat' dir='ltr'>defenderint,</span> <span class='ocrx_word' id='word_1_584' title='bbox 1063 2731 1174 2750; x_wconf 86' lang='lat' dir='ltr'>causam</span> <span class='ocrx_word' id='word_1_585' title='bbox 1199 2723 1288 2750; x_wconf 85' lang='lat' dir='ltr'>adfert</span> <span class='ocrx_word' id='word_1_586' title='bbox 1311 2731 1341 2750; x_wconf 84' lang='lat' dir='ltr'>ex</span> <span class='ocrx_word' id='word_1_587' title='bbox 1365 2728 1462 2758; x_wconf 89' lang='lat' dir='ltr'>quarta</span> <span class='ocrx_word' id='word_1_588' title='bbox 1488 2723 1592 2759; x_wconf 70' lang='lat' dir='ltr'>synodo</span> <span class='ocrx_word' id='word_1_589' title='bbox 1617 2723 1787 2755; x_wconf 75' lang='lat' dir='ltr'>Hadrianus,</span> 
     </span>
     <span class='ocr_line' id='line_1_47' title="bbox 110 2763 1786 2802; baseline 0.001 -12"><span class='ocrx_word' id='word_1_590' title='bbox 110 2763 184 2799; x_wconf 90' lang='lat' dir='ltr'>quod</span> <span class='ocrx_word' id='word_1_591' title='bbox 202 2772 314 2798; x_wconf 82' lang='lat' dir='ltr'>nempe:</span> <span class='ocrx_word' id='word_1_592' title='bbox 337 2777 348 2787; x_wconf 68' lang='grc' dir='ltr'>ιι</span> <span class='ocrx_word' id='word_1_593' title='bbox 370 2764 451 2792; x_wconf 87' lang='lat' dir='ltr'>fidem</span> <span class='ocrx_word' id='word_1_594' title='bbox 471 2773 519 2792; x_wconf 90' lang='lat' dir='ltr'>nos</span> <span class='ocrx_word' id='word_1_595' title='bbox 539 2774 553 2792; x_wconf 90' lang='lat' dir='ltr'>a</span> <span class='ocrx_word' id='word_1_596' title='bbox 573 2767 673 2793; x_wconf 87' lang='lat' dir='ltr'>nostris</span> <span class='ocrx_word' id='word_1_597' title='bbox 699 2766 847 2793; x_wconf 85' lang='lat' dir='ltr'>maioribus</span> <span class='ocrx_word' id='word_1_598' title='bbox 866 2766 993 2793; x_wconf 77' lang='lat' dir='ltr'>traditam</span> <span class='ocrx_word' id='word_1_599' title='bbox 1013 2766 1145 2793; x_wconf 88' lang='lat' dir='ltr'>debemus</span> <span class='ocrx_word' id='word_1_600' title='bbox 1166 2775 1228 2793; x_wconf 80' lang='lat' dir='ltr'>cuin</span> <span class='ocrx_word' id='word_1_601' title='bbox 1249 2768 1323 2794; x_wconf 89' lang='lat' dir='ltr'>omni</span> <span class='ocrx_word' id='word_1_602' title='bbox 1348 2768 1512 2802; x_wconf 76' lang='lat' dir='ltr'>competenti</span> <span class='ocrx_word' id='word_1_603' title='bbox 1535 2767 1673 2794; x_wconf 76' lang='lat' dir='ltr'>devotione</span> <span class='ocrx_word' id='word_1_604' title='bbox 1693 2765 1786 2792; x_wconf 80' lang='lat' dir='ltr'>defen-</span> 
     </span>
     <span class='ocr_line' id='line_1_48' title="bbox 112 2808 1786 2845; baseline 0.001 -11"><span class='ocrx_word' id='word_1_605' title='bbox 112 2821 124 2831; x_wconf 65' lang='lat'>»</span> <span class='ocrx_word' id='word_1_606' title='bbox 146 2808 225 2838; x_wconf 77' lang='lat' dir='ltr'>dere,</span> <span class='ocrx_word' id='word_1_607' title='bbox 247 2812 274 2835; x_wconf 84' lang='lat' dir='ltr'>et</span> <span class='ocrx_word' id='word_1_608' title='bbox 297 2808 457 2843; x_wconf 79' lang='lat' dir='ltr'>dignitatem</span> <span class='ocrx_word' id='word_1_609' title='bbox 480 2810 602 2844; x_wconf 88' lang='lat' dir='ltr'>propriae</span> <span class='ocrx_word' id='word_1_610' title='bbox 622 2811 801 2837; x_wconf 76' lang='lat' dir='ltr'>venerationis</span> <span class='ocrx_word' id='word_1_611' title='bbox 826 2811 903 2837; x_wconf 78' lang='lat' dir='ltr'>heato</span> <span class='ocrx_word' id='word_1_612' title='bbox 926 2811 1049 2845; x_wconf 78' lang='lat' dir='ltr'>apostolo</span> <span class='ocrx_word' id='word_1_613' title='bbox 1074 2812 1153 2837; x_wconf 74' lang='lat' dir='ltr'>Petro</span> <span class='ocrx_word' id='word_1_614' title='bbox 1178 2811 1368 2838; x_wconf 84' lang='lat' dir='ltr'>intemeratam</span> <span class='ocrx_word' id='word_1_615' title='bbox 1393 2815 1419 2838; x_wconf 82' lang='lat' dir='ltr'>et</span> <span class='ocrx_word' id='word_1_616' title='bbox 1442 2812 1470 2838; x_wconf 90' lang='lat' dir='ltr'>in</span> <span class='ocrx_word' id='word_1_617' title='bbox 1496 2812 1596 2838; x_wconf 87' lang='lat' dir='ltr'>nostris</span> <span class='ocrx_word' id='word_1_618' title='bbox 1621 2809 1786 2843; x_wconf 81' lang='lat' dir='ltr'>temporibus</span> 
     </span>
     <span class='ocr_line' id='line_1_49' title="bbox 111 2852 1784 2890; baseline -0.001 -11"><span class='ocrx_word' id='word_1_619' title='bbox 111 2864 125 2875; x_wconf 73' lang='lat' dir='ltr'>-r</span> <span class='ocrx_word' id='word_1_620' title='bbox 145 2860 317 2880; x_wconf 75' lang='lat' dir='ltr'>conservare:</span> <span class='ocrx_word' id='word_1_621' title='bbox 338 2857 472 2887; x_wconf 85' lang='lat' dir='ltr'>quatenus</span> <span class='ocrx_word' id='word_1_622' title='bbox 490 2853 664 2881; x_wconf 89' lang='lat' dir='ltr'>beatissimus</span> <span class='ocrx_word' id='word_1_623' title='bbox 684 2863 811 2881; x_wconf 83' lang='lat' dir='ltr'>romanae</span> <span class='ocrx_word' id='word_1_624' title='bbox 830 2855 944 2881; x_wconf 69' lang='lat' dir='ltr'>civitatis</span> <span class='ocrx_word' id='word_1_625' title='bbox 963 2855 1123 2890; x_wconf 72' lang='lat' dir='ltr'>episeopus,</span> <span class='ocrx_word' id='word_1_626' title='bbox 1145 2855 1187 2881; x_wconf 90' lang='lat' dir='ltr'>cui</span> <span class='ocrx_word' id='word_1_627' title='bbox 1218 2855 1401 2890; x_wconf 68' lang='lat' dir='ltr'>priucipatinn</span> <span class='ocrx_word' id='word_1_628' title='bbox 1422 2863 1503 2890; x_wconf 86' lang='lat' dir='ltr'>super</span> <span class='ocrx_word' id='word_1_629' title='bbox 1522 2862 1614 2882; x_wconf 80' lang='lat' dir='ltr'>omnes</span> <span class='ocrx_word' id='word_1_630' title='bbox 1635 2852 1784 2887; x_wconf 74' lang='lat' dir='ltr'>antiquitas</span> 
     </span>
     <span class='ocr_line' id='line_1_50' title="bbox 111 2896 1289 2930; baseline 0.002 -7"><span class='ocrx_word' id='word_1_631' title='bbox 111 2908 123 2919; x_wconf 73' lang='lat'>›-</span> <span class='ocrx_word' id='word_1_632' title='bbox 144 2896 276 2930; x_wconf 83' lang='lat' dir='ltr'>contulit‚</span> <span class='ocrx_word' id='word_1_633' title='bbox 297 2896 387 2923; x_wconf 85' lang='lat' dir='ltr'>locum</span> <span class='ocrx_word' id='word_1_634' title='bbox 406 2896 503 2924; x_wconf 84' lang='lat' dir='ltr'>habeat</span> <span class='ocrx_word' id='word_1_635' title='bbox 523 2905 553 2924; x_wconf 88' lang='lat' dir='ltr'>ac</span> <span class='ocrx_word' id='word_1_636' title='bbox 572 2897 729 2925; x_wconf 83' lang='lat' dir='ltr'>facultatem</span> <span class='ocrx_word' id='word_1_637' title='bbox 749 2897 781 2926; x_wconf 89' lang='lat' dir='ltr'>de</span> <span class='ocrx_word' id='word_1_638' title='bbox 801 2898 854 2925; x_wconf 86' lang='lat' dir='ltr'>ssde</span> <span class='ocrx_word' id='word_1_639' title='bbox 872 2903 899 2926; x_wconf 87' lang='lat' dir='ltr'>et</span> <span class='ocrx_word' id='word_1_640' title='bbox 918 2898 1103 2926; x_wconf 82' lang='lat' dir='ltr'>sacerdotibus</span> <span class='ocrx_word' id='word_1_641' title='bbox 1123 2898 1254 2926; x_wconf 82' lang='lat' dir='ltr'>iudicare.</span> <span class='ocrx_word' id='word_1_642' title='bbox 1279 2913 1289 2922; x_wconf 65' lang='grc' dir='ltr'><em>υ</em></span> 
     </span>
    </p>
   </div>
  </div>
 </body>
</html>
