2203 3331
128 2044 133 2052 “
146 2040 197 2059 [rvi
221 2041 285 2059 ΧΧΗ
308 2044 323 2060 t.

338 152 383 184 31.
898 159 925 181 s.
953 160 1122 182 Sici-:ructu
1151 161 1404 183 AN‘l'lltliHE'rtct'S
1431 162 1454 183 1.

342 218 429 250 iim-t
450 215 491 249 ad
516 213 927 261 incircuinscriptionem.
956 214 997 249 Id
1020 229 1098 250 vero
1122 230 1192 250 non
1217 215 1361 263 impium
1388 215 1648 258 tantummodo,
1670 217 1729 252 sed
1749 218 1914 254 stolidum
1934 234 2022 269 quo:

341 291 407 324 que
430 275 516 309 erit:
540 287 643 308 nemo
667 273 759 308 enim
783 274 942 309 cordatus
965 276 1231 322 pronunciabit,
1252 276 1305 309 vcl
1326 275 1486 310 Verbum
1515 276 1693 312 cruciatus
1714 278 1807 326 pati,
1828 279 1880 314 rel
1903 282 2015 316 carnis

343 350 416 369 csse
438 334 606 369 miracula
628 334 835 368 existimabit
854 335 915 382 (1)
931 333 1072 384 Quippe
1089 337 1174 370 haec
1197 336 1287 370 haud
1310 336 1422 370 carnis
1441 334 1551 371 virtus
1571 337 1698 381 efficit,
1714 338 1775 373 sed
1791 340 1884 374 uniti
1902 340 2015 376 Verbi

343 395 561 442 omnipotens
583 403 687 442 atque
717 396 836 430 efficax
865 405 973 444 patrat
996 411 1056 444 per
1086 411 1223 432 carnem
1251 396 1413 443 operatio.
1438 396 1503 430 Vel
1531 405 1622 432 certe
1651 398 1741 445 apud
1772 407 1804 434 te
1834 401 2014 437 cruciatus

246 482 249 490 s
274 480 276 482 v
300 488 304 491 ,
342 469 449 502 aeque
472 469 509 489 ac
532 455 700 490 miracula
720 465 934 492 evanescent.
961 458 1054 492 Nam
1076 457 1103 491 si
1127 471 1267 492 carnem
1296 457 1637 505 incircumscriptam
1660 473 1733 494 esse
1757 462 2013 505 concedamus,

345 530 381 550 ea
405 516 578 551 cruciatus
600 517 717 551 subire
740 531 809 551 non
832 518 968 564 poterit.
998 517 1190 563 Quomodov
1210 518 1314 564 igitur
1342 518 1590 565 blasphemiam
1616 519 1761 555 vitabis?
1790 520 1958 570 Undique
1981 531 2014 557 te

345 576 585 610 circumambit
607 576 716 624 ampla
738 585 772 611 et
794 577 892 611 hians
914 577 1103 624 impictatis
1123 579 1229 612 fovea.
1255 578 1418 612 Profecto
1440 579 1572 613 iustum
1596 592 1861 628 congruumque
1884 590 1953 624 est,
1975 591 2014 617 ut

348 637 372 669 is
399 635 460 683 qui
487 636 651 671 miracula
675 636 788 671 Verbo
816 637 993 681 adsignat,
1017 637 1121 684 idque
1150 637 1497 685 incircumscriptum
1525 640 1733 681 confitetur,
1755 640 1852 674 idem
1880 641 1908 674 si
1934 655 2015 676 conr

345 696 501 730 venienti
527 696 682 742 analogia
713 696 809 731 carni
838 697 965 743 pariter
986 697 1162 731 cruciatus
1190 697 1370 740 adtribuit,
1394 699 1482 732 hanc
1513 699 1817 747 circumscriptam
1846 714 1917 735 esse
1948 702 2016 736 exi·

347 756 470 791 stimet.
491 755 552 791 Sic
575 757 668 790 enim
690 764 823 803 oportet
846 764 991 790 naturae
1013 756 1153 804 utrique
1173 757 1264 804 quod
1284 758 1461 805 proprium
1480 773 1517 793 ac
1536 759 1710 806 peculiare
1732 767 1784 794 est
1804 759 2015 796 adscribere.

451 816 508 851 23.
536 814 674 850 Deinde
701 816 756 850 ait,
790 820 835 858 <72³
869 815 961 860 Quia
983 816 1100 858 carni,
1123 825 1158 850 et
1185 817 1329 864 quidem
1357 818 1438 860 soli,
1461 819 1633 866 propriam
1658 819 1914 855 circumscribit
1942 835 2018 869 per-

351 880 398 918 (ἕ)
429 888 548 910 sonam
575 875 739 922 simplicis
766 875 924 910 hominis.
957 883 1003 921 <520
1034 875 1138 921 Quod
1163 876 1193 910 si
1217 878 1305 911 forte
1333 891 1404 911 non
1434 878 1718 922 circumscribat,
1739 880 1825 927 quid
1852 880 1916 914 tibi
1945 894 2017 915 eve-

351 937 447 972 niet?
477 935 528 971 Ut
554 934 675 969 eadem
704 943 818 969 tecum
846 936 1008 983 loquendi
1035 936 1184 970 formula
1211 945 1309 978 utar,
1335 937 1384 971 sic
1413 939 1584 985 propriam
1612 953 1793 986 personam
1820 940 2018 986 adsignabit

349 1009 504 1030 scorsum
532 995 621 1029 nudi
649 1008 687 1028 ac
717 995 821 1029 solius
848 994 977 1037 Verbi,
999 995 1144 1029 divisam
1171 1010 1210 1030 ac
1241 1005 1434 1043 separatam
1463 1011 1483 1031 a
1513 997 1643 1032 Christi
1670 999 1906 1042 humanitate,
1927 1013 2015 1048 quae

350 1071 427 1090 vere
456 1064 505 1090 est
531 1055 792 1101 circumscripta
806 1083 814 1097 ,
836 1063 874 1089 ut
897 1055 1034 1090 cunctis
1062 1063 1157 1090 recte
1179 1056 1411 1090 sentientibus
1439 1065 1595 1099 constat,
1617 1066 1649 1092 ct
1668 1059 1807 1106 copiose
1835 1068 1937 1094 antea
1959 1060 2018 1095 de-

350 1124 577 1151 monstratum
600 1115 676 1149 fuit.
703 1113 745 1148 Et
767 1128 848 1149 ecce
876 1115 939 1149 tibi
966 1116 1049 1150 hinc
1077 1116 1196 1150 denuo
1225 1115 1404 1162 consurgit
1427 1117 1662 1164 quaternitas,
1684 1119 1764 1165 quia
1786 1128 1937 1166 separata
1965 1130 2019 1155 est

352 1192 368 1210 a
390 1176 503 1210 Verbo
524 1176 619 1209 iuxta
647 1184 748 1209 tuum
775 1174 1004 1210 ratiocinium
1030 1176 1249 1218 humanitas,
1270 1175 1451 1224 nihiloque
1480 1177 1597 1212 minus
1625 1177 1694 1211 abit
1720 1177 1757 1211 in
1786 1186 1896 1225 partes
1921 1178 2019 1214 Chri-

352 1245 443 1277 stus,
463 1235 673 1283 additurque
695 1249 713 1269 a
736 1243 768 1269 te
797 1249 946 1283 persona
971 1236 1125 1271 vivificae
1152 1236 1441 1284 venerandaeque
1468 1235 1646 1273 Trinitati.
1677 1237 1819 1272 Scilicet
1844 1239 1892 1273 ita
1922 1238 2022 1274 effre-

354 1310 429 1331 nem
456 1296 618 1331 adversus
643 1295 772 1330 Christi
793 1297 1033 1331 oeconomiam
1052 1297 1108 1331 hic
1132 1297 1204 1332 eius
1225 1297 1334 1332 hostis
1362 1298 1497 1332 vibrans
1520 1297 1675 1344 linguam
1701 1307 1931 1346 repugnantes
1956 1313 2023 1333 ser-

353 1370 471 1391 mones
492 1356 627 1401 effutitg
647 1365 681 1390 ct
702 1356 797 1390 novis
818 1357 1041 1404 plurimisque
1059 1358 1271 1403 argumentis
1289 1366 1399 1392 semet
1415 1358 1485 1406 ipse
1504 1357 1698 1405 decipiens,
1718 1367 1830 1392 totum
1846 1358 2022 1393 mendacii

355 1430 507 1451 errorem
525 1416 723 1463 complexus
735 1444 743 1458 ,
761 1417 887 1451 abhinc
906 1417 1028 1451 fabulis
1045 1417 1294 1465 componendis
1314 1417 1493 1464 indulget,
1511 1418 1709 1465 praestigias
1728 1418 2020 1461 comminiscitur,

355 1490 477 1524 casque
506 1490 590 1511 vana
619 1477 815 1523 garrulitate
844 1477 1018 1519 contexit,
1048 1491 1215 1525 suamque
1246 1478 1395 1512 animam
1426 1478 1725 1526 phantasmatibus
1751 1478 1882 1525 replet3
1908 1487 1948 1512 ut
1973 1479 2021 1513 sie

357 1537 561 1585 blasphemia
589 1537 819 1584 impietatem,
848 1538 1050 1585 praestigiae
1077 1538 1252 1573 vesaniam
1278 1538 1481 1581 scribentis,
1506 1552 1573 1574 nee
1601 1552 1673 1573 non
1702 1538 1840 1573 illorum
1867 1538 1930 1585 qui
1957 1552 2024 1573 ser-

355 1611 497 1632 monem
522 1597 596 1632 eius
620 1597 820 1645 recipiunt,
845 1598 1063 1633 manifestam
1087 1599 1252 1634 omnibus
1277 1599 1414 1634 faciant.

459 1657 554 1704 Quid
578 1658 673 1692 enim
693 1658 737 1693 ait
759 1658 796 1692 in
816 1659 1112 1707 subsequentibus
1135 1673 1329 1694 sermonem
1358 1659 1590 1695 continuans?
1616 1667 1663 1705 <719
1686 1659 1823 1707 Nempe
1845 1672 2026 1707 personam

361 1727 406 1765 σζ-’ὶ
439 1719 618 1753 efformans
649 1718 864 1766 (imaginum
891 1719 1060 1766 artifex),
1091 1718 1272 1754 Christum
1300 1719 1431 1754 faciens
1461 1720 1656 1767 simplicem
1684 1728 1900 1761 creaturam,
1927 1728 1961 1754 et
1988 1728 2028 1754 ut

360 1783 406 1822 0⁴72
437 1779 554 1813 divina
577 1788 702 1813 natura
722 1779 759 1813 in
783 1794 821 1814 eo
842 1793 916 1814 non
944 1780 998 1814 sit.
1030 1784 1076 1822 ‹tl-'³
1106 1779 1222 1814 Verba
1250 1788 1329 1814 sunt
1350 1780 1412 1814 ista
1434 1780 1687 1828 praepotentiae
1717 1793 1755 1814 ac
1782 1780 1964 1816 ruditatis,
1987 1794 2026 1813 ex

357 1853 505 1888 quarum
526 1842 672 1888 utraque
701 1840 816 1887 genita
840 1849 875 1874 et
902 1831 1049 1874 conflata
1072 1840 1230 1888 impietas
1255 1848 1372 1874 contra
1398 1840 1731 1888 irreprehensibilem
1753 1848 1908 1873 nostram
1935 1839 2028 1874 iuve-

356 1909 463 1936 natur
490 1901 615 1943 fidem,
645 1909 678 1936 et
706 1909 800 1936 recta
827 1901 985 1947 dogmata
1013 1910 1202 1949 oppugnat.
1229 1901 1341 1949 Atqui
1371 1901 1533 1935 adversus
1561 1901 1623 1935 hos
1651 1908 1796 1942 ructus,
1825 1908 1863 1934 ut
1890 1908 2028 1946 patrum

358 1961 471 1995 verbis
500 1970 577 1995 utar
604 1962 667 2009 qui
693 1961 731 1995 in
758 1961 862 1996 huius
895 1961 1058 2009 sapientis
1086 1961 1301 1995 invehuntur
1328 1960 1522 2003 inscitiam,
1551 1974 1671 1995 nonne
1701 1960 1799 1994 silere
1828 1959 1934 1993 satius
1961 1959 2029 1994 sit?

361 2028 381 2041 ·‘
413 2021 466 2056 Ne
488 2022 695 2069 respondeas
718 2022 812 2056 enim
833 2022 939 2056 stulto
960 2022 1161 2056 secundum
1183 2021 1362 2056 stultitiam
1382 2034 1481 2056 suam
1500 2022 1517 2040 *ὃ
1541 2049 1563 2063 .,
1586 2021 1758 2068 scriptum
1779 2027 1838 2054 est.
1860 2018 2028 2053 Attamen

361 2095 402 2115 ne
422 2082 459 2115 hi
480 2082 562 2116 falso
586 2081 708 2116 crediti
731 2082 903 2130 sapientes
928 2082 1182 2130 apostasiaeque
1207 2082 1406 2116 defensores
1433 2095 1570 2116 causam
1593 2081 1732 2128 piorum
1757 2078 1950 2127 patrocinio
1973 2079 2031 2114 de—

362 2142 517 2176 stitutam
534 2142 724 2177 'videantur
752 2142 936 2184 invadere,
962 2142 1128 2177 invictam
1156 2156 1250 2177 suam
1279 2141 1455 2177 mendacii
1483 2140 1717 2189 vanitatisque
1747 2140 1942 2174 doctrinam
1969 2154 2031 2188 pn-

364 2209 495 2246 tantesg
522 2211 726 2250 propterea,
755 2203 820 2237 etsi
848 2211 950 2250 turpe
979 2211 1030 2237 est
1059 2211 1161 2251 atque
1190 2202 1399 2237 indecorum
1429 2215 1510 2236 curn
1538 2201 1622 2236 adeo
1651 2200 1756 2235 debili
1783 2214 1820 2234 ac
1850 2200 2032 2248 superabili

363 2263 456 2296 hoste
478 2263 684 2309 confligere,
703 2263 932 2298 nihilominus
956 2263 1136 2298 communi
1158 2263 1342 2298 hominum
1362 2277 1468 2297 sensu
1490 2270 1643 2304 utentes,
1665 2261 1874 2307 excogitatas
1895 2261 1935 2294 ab
1957 2261 2032 2295 istis

365 2323 520 2356 adversus
547 2323 721 2357 veritatem
748 2324 925 2358 machinas
953 2332 1056 2372 atque
1082 2323 1241 2367 fraudes,
1265 2338 1349 2372 quas
1376 2324 1481 2358 stulte
1507 2331 1626 2358 eontra
1650 2322 1759 2369 ipsam
1784 2330 1816 2356 et
1839 2321 2034 2355 inconside-

367 2391 438 2417 rate
462 2383 497 2417 in
518 2383 628 2417 aciem
648 2383 825 2427 educunt,
846 2384 978 2419 naviter
998 2384 1187 2419 admodum
1208 2384 1500 2433 oppugnabimus.
1529 2383 1670 2431 Quippe
1696 2383 1733 2417 in
1755 2381 1978 2416 stolidissima
2001 2390 2033 2416 et

367 2443 514 2478 absurda
543 2443 684 2477 consilia
711 2445 863 2488 abeunt,
887 2460 927 2480 eo
955 2446 1025 2493 quo
1053 2460 1123 2480 11011
1150 2445 1250 2480 decet
1276 2445 1450 2493 proveetig,
1472 2453 1504 2479 et
1534 2445 1646 2478 carnis
1672 2457 1750 2477 suae
1772 2450 1926 2476 mentem
1947 2456 2034 2476 vane

368 2503 523 2538 inflatam
544 2512 719 2548 gerenteS,
737 2518 777 2539 ea
797 2519 886 2553 quae
908 2519 1010 2540 nemo
1032 2506 1195 2541 cordatus
1213 2506 1330 2549 scivit,
1348 2520 1462 2554 neque
1484 2505 1555 2553 ipsa
1576 2517 1695 2539 rerum
1712 2511 1837 2537 natura
1857 2503 2033 2549 agnoscit,

369 2563 577 2598 decernunt.
599 2563 690 2597 Nam
706 2573 840 2611 praeter
856 2566 1085 2613 impietatem,
1104 2566 1405 2601 incredibilitatem
1419 2579 1559 2614 quoque
1577 2564 1739 2599 comitem
1757 2563 1904 2598 habent:
1921 2577 2035 2598 unum

371 2637 515 2672 scopum
542 2631 735 2672 spectantes
749 2652 756 2665 ,
781 2638 880 2659 omne
908 2626 1067 2661 studium
1093 2626 1317 2669 adhibentes,
1338 2639 1482 2661 omnem
1508 2624 1657 2673 lapidem
1680 2626 1747 2671 (gr.
1768 2622 1973 2663 rudentem}
1996 2631 2036 2657 ut

374 2685 419 2719 ita
440 2684 552 2719 dicam
572 2692 747 2719 moventes
763 2713 770 2726 ,
794 2693 834 2719 ut
855 2685 1022 2721 nimirum
1043 2687 1214 2722 subruant
1229 2716 1237 2730 ,
1260 2696 1364 2736 prout
1385 2695 1543 2735 sperant,
1567 2684 1697 2720 Christi
1718 2684 1938 2719 oeconomiae
1966 2697 2038 2731 my-

452 2773 482 2801 'lss
504 2770 652 2796 Macarius·-
675 2771 766 2806 όξῶμεν
781 2774 811 2796 τά
827 2770 964 2804 Saffum,
981 2774 1020 2798 καὶ
1039 2776 1138 2808 majus-J
1155 2776 1197 2803 τήν
1213 2773 1333 2801 θεότηταῑ
1351 2773 1477 2807 βλέπομεν
1494 2774 1523 2798 τά
1539 2771 1700 2806 παθήματα,
1716 2772 1757 2797 zui
1774 2772 1925 2805 πιστςῑίεμῑν
1944 2771 1983 2796 *triv
2000 2770 2037 2795 :iv-

392 2831 395 2838 1

444 2823 538 2843 orara:
555 2817 712 2848 spectamus
728 2815 866 2842 enirm-ula
876 2837 882 2843 ,
896 2818 922 2841 ot
936 2817 1115 2851 intolliyimus
1128 2819 1271 2845 deitatem.
1291 2820 1441 2845 Cernimus
1454 2819 1613 2850 cruciatus,
1627 2819 1654 2843 et
1666 2816 1806 2843 credimus
1819 2815 2035 2841 ΙιιιηιαηῐΙΠΙΡΙΝ-
