2203 3331
111 427 119 433 “
139 426 164 445 ls.
182 425 268 445 λλλΥ.
288 428 305 446 ἱ.

107 669 115 679 '
134 668 152 687 ls
178 667 255 687 xxm,
274 670 303 687 IS.

98 2247 108 2256 ‘
125 2246 159 2267 ps,
176 2247 254 2267 AMV,
276 2250 305 2267 ῖῖι.

115 2729 120 2736 ·
138 2727 217 2753 l'pties.
234 2728 259 2748 11.
278 2732 308 2748 ti.

166 2790 174 2799 ⁹
192 2789 218 2809 ts,
235 2789 273 2810 LX.
290 2793 310 2812 7,

342 165 410 198 202
938 171 966 194 s.
992 172 1164 194 sict-:vnum
1192 171 1430 194 ,trotocrnccs

342 230 430 265 ]leie
452 227 592 277 quidem
613 227 686 261 sore
710 235 749 261 nt
769 239 873 261 aures
896 226 1114 261 infirmorum
1144 226 1360 269 adtendant,
1381 240 1448 260 nec
1470 239 1539 260 non
1565 234 1598 261 et
1618 226 1858 263 balbutientes
1886 228 2028 276 linguae

341 291 438 339 loqui
467 288 626 336 expedite
655 288 813 330 discant,
842 288 1068 336 propheticus
1096 302 1209 323 sermo
1239 287 1422 336 praecinit.
1450 286 1586 322 Pariter
1612 301 1717 332 vero,
1745 290 1893 325 modum
1920 289 2028 325 etiam

343 366 414 401 quo
437 351 611 385 eontracta
630 357 664 383 et
682 348 797 383 luxata
820 349 972 384 firmabit
989 364 1029 384 ac
1049 358 1217 397 reponet,
1236 348 1331 383 baud
1350 348 1460 383 multo
1479 357 1558 396 post
1577 348 1801 386 demonstrat.
1820 348 2028 396 Quomodo,

344 414 507 459 inquam,
530 410 612 444 haec
634 410 718 444 fient
741 418 775 444 et
796 409 926 445 exitum
950 410 1230 444 nanciscentur?
1251 416 1274 430 ‘⁸
1301 408 1413 454 Quia,
1437 409 1556 457 inquit
1575 410 1611 452 ἢ
1630 408 1730 445 Deus
1750 419 1868 446 noster
1888 411 2027 453 veniet,

345 500 367 515 „
396 481 430 506 et
458 470 602 505 salvabit
629 484 702 506 nos.
731 469 837 505 Tunc
867 470 1071 518 aperientur
1098 470 1194 505 oculi
1221 483 1432 511 caecorum,
1460 477 1493 504 et
1520 483 1623 504 aures
1651 470 1841 506 surdorum
1869 471 2027 506 audient.

345 562 367 572 ,,
397 533 502 568 Tunc
530 532 646 575 saliet,
670 532 761 568 sieut
788 547 931 575 cervus,
956 533 1120 577 claudus,
1142 541 1175 567 ct
1195 532 1474 567 balbutientium
1501 532 1621 580 lingua
1645 532 1807 569 solvetur.
1836 533 1929 579 Quia
1956 548 2029 570 sca·

345 622 367 637 „
385 593 497 628 *turiit
526 593 561 627 in
589 593 726 628 deserto
754 607 863 642 aqua,
887 602 919 627 et
949 602 1079 640 puteus
1107 593 1144 627 in
1177 601 1267 627 terra
1296 593 1458 639 sitienteg
1484 601 1518 629 et
1545 607 1636 641 quae
1662 602 1734 628 crat
1759 594 1875 637 arida,
1896 595 1963 629 erit
1990 594 2027 629 in

343 683 365 697 „
394 662 578 701 stagnum,
600 662 633 688 et
655 653 690 687 in
713 654 854 700 regione
877 653 1020 688 sitientc
1043 655 1118 687 sons
1139 667 1246 701 aquae
1269 654 1343 689 erit.
1369 682 1392 697 „
1415 653 1487 688 Sed
1512 662 1546 688 et
1567 653 1649 688 alibi
1671 653 1799 689 similia
1819 654 1873 689 his
1895 654 1982 690 dicit
2001 656 2030 690 *ἦ

339 722 363 736 ⁸⁶
399 715 439 749 Et
460 715 608 750 audient
632 714 687 749 die
712 715 768 750 illa
794 715 886 749 surdi
913 728 1094 749 sermones
1115 714 1286 749 librorum
1302 743 1310 758 ,
1335 723 1368 749 et
1394 715 1428 749 in
1456 714 1606 750 tenebris
1632 725 1737 763 atque
1764 715 1912 762 caligine
1934 715 2030 751 oculi

343 805 366 819 „
397 790 584 811 caecorum
605 776 787 811 videbunt.
812 775 858 810 tit
880 775 1089 809 exultabunt
1109 789 1280 822 pauperes
1301 784 1442 823 propter
1462 774 1656 811 Dominum
1678 776 1715 810 iu
1736 776 1890 819 laetitia,
1912 784 1945 811 et
1965 776 2030 825 qui

343 865 366 875 .,
396 837 468 871 sinc
491 851 548 885 spe
572 845 674 871 erant
695 836 874 878 homines,
897 835 1022 882 gaudio
1046 835 1291 883 replebuntur.
1317 863 1340 879 „
1362 835 1492 871 Nonne
1520 837 1626 884 igitur
1646 837 1728 872 hinc
1751 836 1896 872 cuilibet
1916 845 2030 885 patet,

339 897 392 932 his
414 897 630 932 dictionibus
651 897 870 931 snbindieari
892 895 996 930 nobis
1016 895 1155 930 animae
1178 895 1457 940 detrimentum,
1479 905 1512 932 et
1536 897 1715 946 passiones
1730 926 1738 940 ,
1761 906 1796 932 et
1815 897 1936 932 salsam
1956 911 2033 946 per·

338 972 544 1006 versamque
567 958 796 1006 opinionem?
820 970 926 1005 quam
948 970 1070 1005 reapse
1092 956 1128 990 in
1151 956 1298 991 veritate
1328 956 1588 1001 claudicantes,
1611 958 1717 993 immo
1743 972 1822 993 vero
1845 972 1864 993 a
1883 958 2031 993 veritate

341 1019 485 1054 omnino
511 1019 717 1053 decidentes
731 1047 738 1061 ,
762 1026 796 1053 et
820 1017 1015 1052 naturalem
1035 1030 1226 1066 verumque
1249 1016 1368 1052 Deum
1391 1018 1594 1064 ignorantes
1616 1032 1655 1053 ac
1677 1027 1871 1066 negantCS,
1892 1019 2032 1054 beluini

339 1079 518 1128 quondam
545 1079 706 1113 homines
736 1087 769 1113 ct
797 1078 987 1121 vecordes,
1017 1091 1119 1112 sanae
1150 1086 1185 1112 et
1212 1077 1427 1112 rectissimae
1456 1079 1720 1126 praetulerunt,
1747 1088 1782 1114 et
1807 1079 2031 1127 polytheismi

340 1155 455 1175 errore
483 1140 581 1189 qnasi
610 1140 730 1175 morbo
758 1140 976 1174 laborarunt.
1006 1139 1090 1174 Non
1119 1138 1213 1174 enim
1242 1139 1327 1173 haec
1356 1139 1583 1186 intelligenda
1612 1148 1694 1175 sunt
1721 1140 1766 1174 de
1795 1139 2032 1188 corporalium

339 1202 631 1249 sensibiliumque
654 1201 890 1236 membrorum
914 1200 1152 1243 detrimento,
1175 1200 1271 1235 iuxta
1292 1199 1441 1235 istorum
1461 1200 1641 1248 vulgarem
1662 1201 1900 1237 traditionem.
1927 1200 2035 1236 Nam-

339 1277 408 1310 que
428 1263 633 1297 haerentem
652 1261 704 1296 his
722 1261 966 1297 locutionibus
987 1274 1131 1296 sensum
1151 1262 1179 1296 si
1200 1261 1279 1309 quis
1298 1262 1463 1308 vestiget,
1482 1262 1586 1311 facile
1609 1261 1798 1297 admodum
1821 1262 2033 1310 comperiet,

338 1324 390 1357 his
417 1322 595 1358 vocabulis
623 1322 773 1358 describi
801 1323 935 1357 animae
964 1323 1105 1357 morbos
1134 1331 1169 1357 et
1197 1323 1474 1369 coinmotiones3
1499 1323 1527 1358 si
1554 1323 1699 1371 quidem
1727 1337 1767 1358 ea
1796 1322 2035 1371 corporalibus

340 1384 394 1418 bis
415 1384 580 1418 membris
600 1392 779 1432 tamquam
801 1383 940 1430 organis
964 1391 1066 1418 utens
1080 1412 1087 1426 ,
1110 1383 1282 1418 interiora
1302 1383 1475 1426 hominis,
1498 1392 1533 1418 et
1555 1384 1770 1419 reconditam
1789 1392 1894 1431 atque
1916 1383 2037 1418 invisi-

340 1445 445 1479 bilem
466 1444 777 1486 deliberationem,
800 1453 916 1492 parat,
939 1443 1160 1487 considerat,
1181 1443 1281 1487 facit,
1302 1444 1530 1493 perficitque,
1551 1453 1585 1480 et
1606 1458 1686 1480 suos
1708 1445 1854 1480 demum
1874 1443 2037 1480 denudat

342 1506 495 1553 impetus
521 1513 623 1553 atque
649 1505 804 1540 consilia.
836 1504 899 1539 Sic
924 1518 1004 1552 ergo
1029 1504 1123 1540 circa
1147 1504 1347 1552 religiosam
1370 1504 1595 1553 opinionem,
1617 1505 1647 1540 si
1667 1505 1728 1554 qui
1750 1518 1951 1553 perversam
1973 1504 2038 1540 fal-

341 1580 481 1615 samque
504 1566 571 1601 sibi
596 1566 799 1614 opinionem
823 1566 1087 1608 confinxerint,
1109 1574 1144 1600 et
1166 1566 1207 1600 ab
1228 1565 1355 1612 agendi
1376 1565 1497 1612 regula
1517 1566 1774 1608 aberraverint,
1798 1565 1975 1601 caecutire
1998 1573 2036 1600 et

340 1627 538 1662 claudicare
553 1655 561 1669 ,
581 1627 636 1662 vel
659 1627 789 1675 aliquid
811 1626 905 1661 aliud
935 1640 976 1661 ex
1005 1625 1108 1660 dictis
1130 1625 1203 1674 pati
1229 1640 1301 1660 non
1329 1627 1524 1673 incongrue
1547 1626 1737 1672 dicenturg
1759 1625 1894 1661 etiamsi
1913 1639 2034 1674 neque

338 1688 432 1723 visus
454 1702 572 1736 neque
595 1701 750 1734 gressus,
770 1701 888 1735 neque
909 1686 975 1722 alia
996 1686 1141 1735 quaevis
1161 1687 1309 1722 facultas
1332 1686 1421 1722 laesa
1443 1686 1511 1721 illis
1533 1687 1596 1730 sit,
1613 1686 1669 1721 vel
1686 1686 1886 1722 secundum
1904 1686 2036 1721 mentis

341 1748 599 1797 perversionem
623 1748 761 1785 inflexa.

443 1809 612 1844 Homines
632 1810 754 1858 itaque
776 1809 980 1844 incredulos
1003 1817 1038 1843 et
1058 1809 1132 1844 sine
1152 1807 1232 1843 Deo
1258 1809 1436 1857 scriptura
1459 1822 1554 1843 sacra
1575 1808 1763 1854 describit3
1780 1817 1898 1856 postea
1915 1816 2034 1843 tamen

340 1870 494 1906 medelae
525 1871 670 1918 gratiam
697 1871 857 1913 sortitos;
884 1870 931 1904 ita
955 1878 994 1904 ut
1022 1884 1113 1918 quae
1141 1878 1242 1904 antea
1268 1869 1475 1904 laborabant
1503 1869 1707 1916 irreligione
1731 1869 1888 1912 animae,
1913 1883 2036 1904 conva-

340 1931 490 1969 luerint.
512 1931 718 1966 emendatae
744 1931 878 1965 fuerint
902 1940 1005 1978 atque
1027 1939 1216 1978 purgatae,
1240 1938 1273 1965 et
1296 1930 1536 1965 caecutientes
1560 1944 1602 1965 ex
1623 1931 1790 1965 atheismo
1813 1930 1940 1965 mentis
1962 1930 2037 1964 illo·

342 2005 421 2026 rum
443 1992 537 2026 oculi
559 1991 750 2026 illuminati
771 1992 850 2028 sint.
872 1991 961 2043 Mox
982 2005 1045 2039 pro
1067 1991 1149 2025 fidei
1170 1990 1386 2025 abundantia
1406 1991 1516 2026 nihilo
1536 1991 1655 2026 minus
1674 1991 1745 2039 ipsa
1763 2004 1905 2039 quoque
1926 2004 2035 2025 mem-

340 2052 401 2086 bra
425 2052 531 2087 fuisse
555 2053 797 2094 sanctificata,
822 2061 856 2086 et
879 2044 1117 2087 valetudinem
1142 2051 1309 2099 optimam
1335 2051 1491 2099 apprime
1522 2060 1734 2094 consecuta,
1756 2052 1921 2100 beneque
1949 2051 2034 2099 ipsis

342 2113 435 2147 circa
460 2113 670 2160 religionem
694 2122 728 2147 et
753 2127 832 2159 erga
854 2113 974 2148 Deum
996 2113 1248 2148 rectitudinem
1269 2113 1385 2147 fuisse.
1414 2112 1642 2147 Adveniente
1665 2112 1762 2147 enim
1786 2111 1986 2155 Servatore,
2007 2112 2035 2146 ii

341 2174 402 2220 qui
419 2175 491 2208 veri
508 2174 653 2209 luminis
672 2175 823 2208 orbitate
845 2174 929 2209 olim
946 2174 1161 2208 laborantem
1181 2174 1307 2208 mentis
1330 2173 1472 2208 oculum
1493 2173 1715 2215 habuerant,
1731 2187 1830 2208 nunc
1849 2173 2032 2221 perspicue

343 2236 596 2271 rectitudinem
619 2244 791 2281 cernuntf,
813 2244 845 2270 et
870 2235 1121 2284 unusquisque
1138 2235 1429 2270 ¹illuminatorum
1454 2235 1491 2269 in
1518 2235 1648 2269 mentis
1671 2235 1795 2269 visuali
1816 2234 1867 2278 vi,
1890 2234 1978 2269 dicit
1997 2235 2033 2270 ³⁴³:

343 2304 365 2318 ‘⁵
398 2297 489 2331 oculi
512 2298 581 2332 mci
602 2311 736 2345 semper
764 2298 806 2331 ad
835 2296 1048 2339 Dominum,
1072 2297 1241 2345 quoniam
1270 2297 1340 2344 ipse
1370 2296 1493 2330 evellet
1520 2296 1563 2330 de
1592 2296 1717 2344 laqueo
1742 2296 1851 2343 pedes
1879 2309 1983 2331 meos.
2007 2323 2032 2340 „

344 2356 477 2392 Petunt
501 2358 618 2406 itaque
646 2367 684 2392 ut
709 2358 764 2392 sui
790 2357 1049 2392 intellectuales
1074 2357 1169 2392 oculi
1194 2357 1468 2398 illuminentur,
1490 2371 1533 2391 ne
1556 2370 1725 2405 umquam
1749 2352 2030 2391 obdormiantin

343 2426 463 2453 morte.
493 2417 637 2452 Deinde
652 2446 660 2460 ,
682 2418 741 2465 qui
765 2427 865 2452 antea
891 2418 1004 2453 cordis
1028 2432 1130 2452 aures
1157 2417 1329 2465 oppilatas
1354 2417 1552 2460 habebant,
1575 2431 1631 2452 eas
1651 2417 1719 2452 iam
1742 2417 1910 2465 praebent
1933 2424 2033 2464 patu-

342 2479 392 2513 las
421 2487 455 2529 et
483 2479 636 2513 aeustiea
664 2479 692 2512 vi
723 2479 914 2526 pollentes,
941 2479 984 2513 ad
1001 2476 1158 2513 'laudum
1185 2477 1332 2512 Domini
1361 2479 1597 2512 resonantiam
1625 2478 1780 2525 apprime
1806 2476 2033 2512 audiendam.

345 2538 406 2574 Sic
429 2539 610 2587 impeditae
632 2539 814 2573 balborum
836 2539 976 2586 linguae
990 2568 997 2581 ,
1020 2553 1108 2587 quae
1132 2538 1319 2573 inhonesta
1343 2547 1379 2573 et
1399 2538 1571 2573 deformia
1592 2537 1675 2572 olim
1696 2537 1790 2585 loqui
1810 2537 2031 2583 satagebant,

343 2600 430 2634 dnm
457 2609 569 2635 mutas
599 2608 633 2634 et
660 2600 867 2634 inanimatas
896 2615 951 2635 res
980 2601 1061 2635 deos
1089 2600 1331 2648 appellabant,
1355 2608 1476 2648 postea
1504 2599 1685 2646 expeditae
1714 2599 1878 2646 beneque
1904 2598 2034 2633 articu-

343 2660 429 2695 latae
459 2675 581 2709 paccm
609 2660 704 2708 loqui
733 2675 794 2708 per
824 2661 925 2695 sidem
953 2661 1179 2702 didicerunt,
1208 2659 1394 2695 Trinitatis
1422 2660 1627 2707 mysterium
1656 2667 1849 2701 canentes,
1877 2667 1911 2693 et
1938 2658 2032 2707 quod

345 2722 509 2756 dominus
529 2721 625 2756 Iesus
647 2721 810 2755 (Ilii-istus
833 2722 867 2755 in
892 2722 996 2767 gloria
1019 2723 1061 2756 sit
1082 2721 1153 2756 Dei
1174 2721 1293 2769 patris.
1315 2721 1394 2769 Ipse
1416 2720 1512 2755 enim
1533 2728 1585 2755 est
1605 2733 1670 2768 pax
1692 2728 1812 2759 nostra
1830 2721 1864 2762 *ἢ
1885 2728 1917 2754 ct
1938 2719 2031 2768 pacis

346 2780 465 2819 Deus.
489 2791 522 2817 ct
547 2782 641 2830 pacis
670 2782 764 2816 illius
792 2781 909 2816 nullus
933 2790 983 2815 est
1004 2782 1084 2817 finis
1108 2784 1135 2817 ᾔ.
1161 2781 1222 2817 Sic
1244 2782 1410 2817 meditari
1439 2781 1497 2816 diu
1519 2789 1700 2829 noctuque
1724 2779 1791 2815 Dei
1819 2781 1958 2815 oracula
1982 2780 2031 2815 in-

348 2842 564 2886 stituerunt,
589 2843 735 2891 eiusque
765 2842 932 2890 potentias
961 2842 1081 2890 loqui,
1104 2851 1136 2877 et
1165 2843 1335 2878 mirabilia
1365 2855 1551 2885 enarrare,
1580 2850 1614 2876 ct
1642 2840 1813 2877 rationale
1842 2841 1909 2890 ipsi
1937 2841 2033 2876 obse-
