2203 3331
630 174 810 199 nisciemsa
837 171 1034 196 MONASTERH
1061 169 1304 193 SALML'RIENSIS.
1747 159 1812 192 127

123 250 242 285 ventu,
267 246 355 286 petat
377 242 500 273 veniam
524 250 611 272 suam
634 240 686 271 ille
710 240 806 270 frater
822 261 830 277 ‚
856 239 982 269 accuset
1005 245 1037 267 se
1061 234 1099 266 de
1123 235 1313 275 negligentia
1337 244 1415 273 sua;
1441 234 1494 265 illo
1520 234 1648 265 iubente
1673 234 1761 274 quod
1785 235 1813 264 ci

125 302 227 332 visum
250 298 356 329 fuerit.

192 355 229 384 F.
255 352 310 382 46.
336 349 428 380 Prior
450 348 598 388 magister
621 346 662 377 ad
684 345 808 377 abbatis
832 352 972 374 mensam
995 341 1137 380 sedebit,
1163 343 1195 371 ct
1218 340 1363 371 dominus
1387 340 1485 371 abbas
1508 340 1594 371 solus
1622 340 1728 371 vinum
1758 341 1814 372 ka—

127 406 226 438 ritatis
250 402 444 445 propinabit.

190 460 227 489 F.
256 458 310 487 51.
338 458 366 486 b.
394 455 503 493 (Feria
525 463 637 493 magua
655 446 762 490 sexta)
780 450 900 482 Tabula
916 449 989 480 loco
1004 446 1206 478 tintinnabuli
1225 456 1242 476 a
1260 447 1364 486 priore
1382 456 1547 486 percussa,
1566 448 1596 477 iu
1613 447 1813 478 refectorium

124 499 239 550 ibunt,
264 509 320 540 ubi
344 518 424 549 pane
448 511 479 539 et.
503 517 584 547 aqua
606 509 730 537 tantum
753 504 894 535 reficient
917 501 1088 541 herbisque
1113 499 1228 530 crudis.

190 564 226 594 F.
253 564 309 594 83.
334 563 371 593 Iu
396 561 491 592 natali
514 560 613 591 sancti
636 559 712 590 Sixti
735 560 810 598 post
832 555 996 587 collectam
1018 554 1115 594 ipsius
1130 575 1138 590 ‚
1162 552 1215 582 fiet
1239 561 1404 583 commuue
1422 552 1459 582 de
1484 553 1674 593 martyribus
1692 553 1816 583 Felicis-

123 618 204 648 simo
228 619 259 647 ct
283 617 430 656 Agapito.
457 613 506 644 Ad
528 614 664 653 primam
686 614 789 642 autem
816 610 928 648 (lect.)
953 608 1002 638 vir
1025 606 1214 638 clarissimus
1237 606 1350 636 SixtuS.
1378 606 1417 636 Hi
1446 606 1509 636 duo
1540 610 1691 646 martyres
1722 606 1816 636 hodic

125 671 158 700 in
181 670 296 701 letania
318 670 493 699 recitentur
515 670 648 708 propter
670 672 817 695 romanae
839 661 1048 693 institutionis
1071 660 1311 701 proprietatem.

193 724 228 754 F.
255 725 308 754 87.
334 723 462 753 Festum
485 720 625 751 omnium
649 721 830 748 sanctorum
853 715 948 747 debet
971 714 1123 745 celebrari
1146 713 1227 744 sicut
1249 713 1303 743 tali
1328 714 1474 743 convenit
1498 713 1742 753 sollempnitati:
1763 713 1816 743 scd

128 778 167 809 de
191 786 277 808 novo
301 778 453 807 statutum
477 777 522 804 est
546 772 634 812 quod
658 773 788 801 octavae
812 764 1024 800 celebrentur.

194 833 231 861 F.
262 831 333 860 121.
360 831 391 858 et
412 837 492 865 seqq.
518 825 732 855 Describuntur
755 827 890 853 avem-ate
914 822 1011 860 officia
1034 822 1160 858 abbatis,
1188 821 1317 858 prioris,
1343 820 1523 858 subprioris,
1557 820 1714 855 sam-istan,
1747 830 1815 847 ran-

127 888 217 921 Ioris‚
248 882 384 919 cellarii,
411 881 537 909 armarii
560 879 592 907 id
614 882 655 907 est
679 877 892 907 bibliothecarii
915 876 973 914 (ab
996 875 1126 904 armario
1150 875 1306 918 libroruin.
1331 875 1457 902 Martem.
1488 874 1595 902 Comm.
1618 883 1652 910 p.
1674 874 1748 903 437.
1768 880 1780 907 J

195 936 301 966 Abbas
324 933 418 964 debet
442 932 578 972 primum
603 934 634 961 et
656 930 824 971 proprium
847 929 952 959 locum
977 929 1009 958 in
1033 927 1144 958 dextro
1168 926 1267 957 choro
1292 926 1425 963 habere,
1451 925 1611 955 orationes
1634 926 1817 957 terminare.

128 989 265 1028 primam
288 985 496 1025 antiphonam
519 987 593 1024 post
615 981 898 1014 hebdomadarium
921 980 961 1012 ad
977 984 1150 1011 nocturnos
1167 979 1350 1019 imponere,
1370 977 1623 1008 benedictionem
1643 978 1820 1017 legentibus

129 1041 206 1072 dare
230 1042 291 1070 etc.
319 1046 469 1069 coronam
492 1037 687 1067 novitiorum
710 1037 742 1065 et
764 1035 850 1074 ipsos
872 1034 1010 1064 novitios
1031 1031 1217 1063 benedicere
1242 1035 1303 1062 etc.
1320 1032 1358 1061 Et
1376 1030 1569 1069 notandum,
1596 1031 1669 1070 quia
1693 1030 1819 1070 quando

127 1093 275 1124 monachi
300 1092 483 1123 osculantur
506 1089 676 1127 abbatem,
705 1097 810 1119 coram
835 1097 872 1118 eo
896 1096 999 1127 genua
1016 1087 1163 1124 flectant,
1190 1089 1221 1116 et
1236 1088 1308 1126 post
1325 1084 1467 1115 osculum
1482 1084 1639 1124 profunde
1656 1084 1818 1114 inclinent.

129 1148 168 1177 [t
190 1145 354 1176 sciendum
377 1147 424 1173 cst
447 1142 536 1183 quod
559 1143 590 1172 iu
614 1150 817 1182 quocumque
840 1140 913 1171 loco
937 1139 1053 1180 aliquis
1075 1138 1248 1169 monachus
1279 1138 1409 1169 domino
1434 1137 1539 1168 abbati
1565 1136 1759 1176 obviaverit,
1786 1137 1817 1166 in

129 1198 243 1229 eodem
267 1198 340 1228 loco
364 1199 446 1227 stare
470 1195 566 1226 debet
589 1204 678 1225 versa
700 1194 780 1225 facie
803 1193 843 1224 ad
867 1193 1033 1232 abbatem,
1060 1192 1162 1232 capite
1179 1191 1329 1222 inclinato
1349 1190 1449 1221 donec
1467 1193 1659 1231 pertranseat
1675 1190 1822 1220 dominns

130 1251 250 1283 abbas:
276 1249 388 1280 ceteris
410 1257 486 1278 vero
509 1248 661 1279 fratribus
685 1249 716 1278 in
738 1247 932 1278 transeundo
957 1250 1062 1287 potest
1084 1246 1247 1276 inclinare.

196 1304 289 1335 Prior
313 1302 346 1333 in
370 1301 501 1332 ecclesia
525 1300 563 1331 de
588 1310 790 1341 quocumque
821 1301 920 1331 choro
945 1301 974 1331 ei
1004 1300 1177 1340 placuerit,
1209 1308 1273 1329 esse
1304 1299 1442 1339 poterit,
1473 1297 1643 1328 secundum
1679 1297 1821 1328 ordinem

132 1358 346 1389 conversionis
369 1365 454 1386 suae.
480 1355 511 1386 Si
534 1355 631 1386 abbas
655 1364 798 1395 praesens
821 1364 885 1385 uon
910 1355 988 1393 erit,
1014 1354 1186 1394 capitulum
1209 1353 1348 1391 tenebit,
1374 1355 1405 1382 et
1427 1352 1466 1383 ad
1484 1352 1682 1382 collationem
1700 1353 1731 1382 in
1748 1352 1821 1382 loco

131 1411 199 1440 eius
222 1409 345 1439 sedebit
368 1412 430 1438 etc.
456 1411 588 1448 excepto
615 1407 702 1448 quod
725 1407 833 1438 locum
857 1408 923 1438 eius
946 1408 978 1437 in
1001 1407 1132 1437 ecclesia
1155 1415 1220 1436 non
1244 1405 1413 1446 occupabit
1436 1408 1496 1435 ete.

197 1461 248 1492 Ad
271 1461 474 1501 subpriorem
497 1460 633 1500 pertinet
656 1460 769 1491 fratres
792 1461 824 1491 in
848 1460 948 1490 choro
973 1460 1106 1490 excitare
1129 1462 1192 1489 etc.
1220 1459 1250 1489 Si
1273 1458 1370 1489 abbas
1394 1461 1425 1488 et
1448 1457 1536 1497 prior
1551 1456 1724 1495 defuerint,
1749 1457 1822 1487 sub-

132 1518 222 1558 prior
244 1517 276 1547 in
301 1516 441 1557 capitulo
465 1516 569 1546 vicem
593 1517 707 1556 prioris
731 1519 804 1555 agat
820 1539 828 1554 ‚
853 1519 883 1546 et
906 1517 937 1546 in
960 1515 1128 1546 refectorio
1153 1514 1193 1545 ad
1215 1514 1320 1544 nolam
1343 1513 1458 1544 sedeat.

197 1571 332 1601 Saerista
355 1569 450 1600 debet
473 1569 679 1609 horologium
703 1573 888 1609 temperare.
917 1569 977 1607 Qui
1001 1571 1171 1608 postquam
1194 1568 1348 1605 surrexit,
1365 1567 1470 1597 lumen
1487 1566 1614 1597 claustri
1632 1568 1661 1596 et
1678 1565 1823 1595 ecelesiae

133 1625 303 1656 clarescere
328 1624 442 1662 faciat,
469 1624 549 1653 ostia
572 1623 719 1653 eeclesiae
743 1625 860 1653 reseret
885 1626 946 1653 etc.

199 1677 316 1708 Cantor
339 1676 434 1707 debet
457 1679 538 1706 stare
562 1675 595 1706 in
619 1675 731 1706 dextro
756 1676 873 1713 chore,
902 1679 934 1706 et
957 1678 1125 1706 succentor
1142 1675 1174 1705 in
1191 1674 1316 1704 sinistro
1331 1696 1339 1712 ‚
1358 1673 1575 1712 unusquisque
1591 1672 1623 1702 in
1647 1671 1746 1702 choro
1765 1680 1821 1702 suo

132 1732 245 1762 fratres
268 1730 306 1761 ad
330 1729 524 1769 vigilandum
548 1733 579 1759 et
602 1728 791 1760 cantandum
814 1729 949 1759 excitare
963 1751 971 1767 ,
996 1727 1202 1768 negligentias
1225 1727 1264 1758 de
1288 1726 1469 1766 antiphonis
1483 1751 1491 1765 ⁷
1517 1726 1663 1766 psalmis,
1694 1734 1824 1765 respon—

132 1785 245 1821 soriis,
270 1784 414 1824 hymnis,
440 1783 664 1822 versiculisque
689 1781 888 1822 imponendis
913 1783 1128 1822 unusquisque
1150 1782 1183 1811 in
1206 1789 1263 1811 suo
1287 1780 1386 1811 choro
1402 1804 1410 1819 ,
1436 1782 1466 1810 et
1488 1780 1520 1809 in
1543 1778 1641 1809 altero
1657 1801 1665 1815 ,
1691 1778 1715 1808 si
1746 1778 1824 1809 alter

133 1847 199 1868 non
221 1836 434 1868 emendaverit
451 1859 459 1873 ,
485 1836 645 1876 corrigere
669 1839 731 1866 etc.

200 1891 362 1920 Armarius
386 1889 480 1920 dehet
502 1889 602 1919 libros
624 1890 655 1919 in
679 1889 841 1919 ecclesiam
864 1888 947 1919 ferre
971 1891 1001 1919 et
1025 1888 1164 1926 referre,
1191 1891 1222 1917 et
1237 1885 1387 1917 fratribus
1405 1889 1501 1926 prout
1519 1886 1695 1925 oportuerit
1714 1885 1820 1915 distri-

134 1943 232 1974 buere
256 1946 318 1973 etc.
344 1944 390 1973 De
414 1942 532 1973 chartis
556 1946 586 1972 et
614 1942 702 1972 libris
740 1942 889 1973 faciendis
913 1945 943 1973 et
973 1941 1185 1972 custodiendis
1212 1940 1345 1971 sollicite
1375 1938 1548 1979 provideat.
1583 1939 1659 1968 Post
1688 1938 1822 1978 primam

134 1997 327 2027 dominicam
351 1995 607 2036 quadragesimae
621 2019 628 2033 ,
655 1995 792 2026 secunda
814 1996 889 2026 feria
903 2020 910 2034 ,
936 1995 1011 2025 dum
1035 1994 1126 2025 missa
1142 1995 1173 2024 in
1190 1997 1346 2024 conventu
1371 1993 1492 2023 canitur
1507 2015 1515 2028 ,
1534 1991 1634 2022 libros
1651 1992 1683 2021 in
1698 1992 1822 2031 capitu-

134 2049 202 2080 lum
226 2049 321 2080 debet
343 2053 472 2090 portare
490 2073 497 2087 ,
523 2052 554 2080 ct
577 2049 617 2080 ad
640 2053 752 2080 nutum
776 2049 898 2079 abbatis
920 2047 1070 2078 fratribus
1088 2047 1288 2078 distribuere.
1307 2047 1335 2077 Si
1353 2055 1428 2077 vcro
1445 2046 1556 2085 aliquis
1574 2046 1667 2075 frater
1686 2045 1821 2084 librum,

136 2110 232 2140 quem
254 2111 337 2132 anno
360 2102 533 2142 praeterito
557 2103 679 2142 accepit
693 2126 701 2140 ,
727 2112 763 2133 ex
786 2103 908 2142 integro
932 2111 996 2132 non
1019 2101 1131 2139 legerit
1145 2125 1154 2140 ,
1180 2101 1286 2131 statim
1309 2100 1432 2130 veniam
1460 2108 1546 2129 suam
1570 2099 1661 2129 saciat
1677 2121 1685 2131 ,
1717 2098 1824 2128 diceus

134 2162 204 2183 mea
227 2153 321 2192 culpa
337 2177 345 2192 ,
371 2158 402 2184 et
426 2158 552 2186 accuset
575 2165 607 2186 se
629 2155 668 2186 de
690 2155 879 2195 negligentia
906 2155 1032 2185 dicens:
1052 2155 1166 2185 librum
1192 2163 1285 2194 quem
1310 2153 1417 2193 accepi
1438 2153 1470 2183 in
1494 2153 1557 2182 isto
1584 2151 1722 2192 capitulo
1742 2161 1823 2182 auno

135 2206 306 2245 praeterito
323 2230 331 2245 ‚
358 2209 461 2237 totum
483 2217 518 2238 ex
540 2209 666 2248 integro
691 2218 756 2239 non
779 2209 865 2249 legi:
891 2212 922 2239 et
944 2208 995 2238 ille
1018 2209 1072 2248 qui
1100 2207 1258 2247 praesidet
1283 2206 1421 2246 capitulo
1437 2228 1445 2243 ‚
1476 2205 1595 2235 cunctis
1625 2204 1824 2235 audientibus

135 2258 221 2289 dabit
246 2260 273 2289 ei
295 2260 525 2299 paenitentiam.
550 2262 634 2292 Haec
658 2265 704 2292 est
725 2263 853 2301 antiqua
875 2261 1070 2292 consuetudo
1092 2262 1181 2291 istius
1202 2260 1359 2291 ecclesiae.
1382 2260 1419 2289 In
1442 2259 1548 2298 vigilia
1573 2258 1706 2298 paschae
1724 2267 1821 2288 annos

134 2311 284 2350 Domini,
311 2315 455 2352 epactas,
482 2317 703 2345 concurrentes
717 2337 725 2353 ,
746 2313 949 2353 indictiones,
974 2317 1005 2344 et
1027 2314 1103 2344 alias
1123 2313 1245 2353 regulas
1267 2313 1454 2343 necessarias
1476 2313 1508 2342 in
1529 2311 1638 2342 charta
1660 2310 1817 2348 scribere,

134 2368 165 2394 et
185 2365 218 2395 in
241 2374 333 2396 cereo
360 2366 499 2406 paschali
523 2367 650 2407 affigere
673 2371 733 2399 etc.

201 2418 352 2449 Cellarius
376 2428 489 2459 panem
510 2424 540 2451 et
562 2421 670 2451 vinum
691 2421 773 2452 hora
796 2422 986 2461 competenti
1006 2422 1039 2451 in
1059 2421 1227 2451 refectorio
1252 2420 1293 2451 ad
1317 2418 1570 2450 distribuendum
1591 2416 1741 2447 fratribus
1765 2416 1822 2447 de-

134 2470 189 2500 bet
212 2480 402 2512 praeparare
418 2497 426 2512 ‚
447 2477 477 2504 et
495 2474 528 2504 in
549 2474 636 2505 festis
651 2474 839 2505 annualibus
854 2475 970 2505 servire
992 2477 1051 2505 eto.
1079 2475 1195 2505 Caveat
1218 2477 1322 2505 autem
1344 2473 1487 2504 cellarius
1511 2471 1639 2502 omuino
1658 2480 1696 2500 ne
1713 2473 1823 2500 contra

135 2523 333 2555 voluntatem
347 2525 472 2557 abbatis
487 2527 606 2567 aliquid
623 2527 718 2558 faciat
731 2551 738 2563 ‚
760 2527 815 2558 sed
834 2527 873 2558 de
896 2527 1043 2559 omnibus
1061 2537 1132 2558 eum
1155 2526 1296 2557 conquat
1309 2551 1316 2565 ,
1345 2529 1375 2557 et
1395 2525 1434 2556 ad
1451 2524 1614 2556 consilium
1632 2524 1696 2553 eius
1713 2526 1824 2553 cuncta

137 2574 316 2608 distribuat.

209 2631 247 2661 F·
278 2632 348 2662 131.
376 2634 404 2662 b.
430 2635 515 2663 Ritus
537 2638 686 2664 extremae
709 2635 871 2672 unctionis,
899 2637 949 2673 qni
962 2638 1086 2673 propter
1101 2636 1281 2663 sanctilatem
1299 2633 1531 2671 glraz·iz¹alequ:e
1556 2633 1598 2660 rei
1615 2633 1690 2658 totels
1707 2638 1725 2658 a
1742 2629 1822 2658 nobis

137 2686 317 2716 recitabitur.
336 2685 387 2716 Ad
404 2686 621 2725 inungendum
635 2687 808 2718 infirmum.
823 2687 973 2728 Capitulo
991 2687 1081 2718 finito
1093 2711 1100 2724 ‚
1118 2687 1321 2728 processione
1339 2687 1523 2726 praeparata
1542 2686 1612 2713 aute.
1629 2681 1799 2722 capitulum
1811 2705 1819 2719 ,

138 2737 285 2768 sacerdos
306 2738 436 2770 indutus
459 2739 532 2770 atha
555 2749 627 2770 cum
651 2741 719 2771 aliis
742 2741 913 2779 ministris;
940 2744 972 2771 et
993 2741 1122 2772 sacrista
1148 2740 1250 2771 ferens
1277 2740 1381 2770 oleum
1409 2740 1441 2769 in
1463 2737 1573 2769 ordine
1595 2745 1651 2766 suo
1680 2744 1742 2765 non
1769 2734 1820 2764 in-

137 2789 250 2828 dutus,
279 2793 310 2821 et
329 2794 458 2832 stuppas
478 2793 530 2824 vel
549 2802 688 2834 pannum
710 2794 749 2825 ad
779 2793 1006 2834 detergendum
1032 2795 1227 2825 iuncturam:
1256 2793 1402 2833 quotiens
1423 2791 1536 2822 dieitur
1559 2800 1616 2830 per
1639 2788 1728 2820 istam
1750 2799 1821 2821 san-

137 2845 219 2873 ctam
247 2843 451 2885 unctionem,
477 2855 601 2887 pannus
633 2847 683 2878 vel
712 2850 844 2888 stuppae
871 2849 1053 2887 mutentur,
1080 2856 1156 2888 quas
1185 2848 1296 2886 postea
1318 2847 1350 2876 in
1377 2845 1493 2885 piscina
1519 2844 1559 2875 ad
1582 2844 1644 2875 hoc
1674 2844 1820 2884 deputata

1881 1925 1933 1951 Reg.
1944 1925 1966 1945 S,
1979 1925 2059 1945 bened.

1853 1956 1903 1977 cap.
1941 1956 1968 1972 ις.
2006 1958 2058 1972 cuni

1853 1978 1941 1998 Conium
1956 1984 1976 2005 p.
1989 1983 2035 1999 ‹tiis›
