2203 3331
601 153 765 177 ADVERSOE
791 151 1035 176 CONSTANHNL'M
1060 151 1294 174 cornom'ntmi.
1750 138 1794 171 69

114 225 349 252 ixvocATmNE,
365 223 406 245 ΕΤ
425 223 531 245 SANCTl
550 223 688 245 SPIRITGS
710 222 907 244 imam-amu
919 236 927 251 ,
946 221 978 242 m
1000 219 1123 241 CHRISTI
1140 220 1257 241 conpos
1274 220 1314 241 ET
1330 218 1515 241 sare-umam
1533 217 1794 240 CONVERTUNTUR.

116 273 180 310 Sic
210 273 304 309 enim
324 270 515 306 sacerdotis
536 284 673 319 quoque
695 270 815 318 petitio
836 268 1000 318 loquitur.
1028 266 1158 315 Neque
1183 280 1265 301 vero
1286 267 1369 301 haec
1391 266 1460 301 duo
1485 280 1558 301 esse
1585 265 1794 312 cogitamus,

115 334 177 370 sed
201 346 312 369 unum
337 331 499 380 idemque
527 331 702 366 credimus
730 330 815 366 fieri.
842 343 927 372 ouon
951 342 978 363 SI
1000 340 1150 363 ANHTYPA
1174 340 1272 361 form:
1296 340 1474 369 DICANTUR,
1496 340 1534 362 ΕΑ
1557 340 1683 368 QumEM
1709 339 1795 361 mun

117 408 193 429 Posr
211 405 515 429 SANCTIFICATIONEM
534 405 614 427 suxr
630 404 807 436 E1c5M0D13
824 403 882 424 san
899 402 979 424 ANTE
999 400 1086 429 QUAM
1108 400 1389 422 SANTffmARmTun
1401 414 1408 428 ,
1428 400 1478 422 ΠΛ
1497 400 1598 422 ERANT
1613 400 1795 422 APPELLATA.

118 454 298 500 Quoniam
325 453 439 502 itaque
467 452 556 488 dixit
583 451 791 487 Mamonas:
814 450 841 485 si
865 447 1201 496 circumscripseris,
1225 445 1408 482 Christum
1436 447 1583 493 dividis3
1605 456 1662 482 aut
1691 447 1796 482 etiam

116 514 273 549 Verbum
301 514 404 549 simul
432 512 715 558 circumscribi53
744 518 1021 546 consentaneum
1048 517 1160 551 esset,
1188 516 1230 542 ut
1258 508 1289 542 ei
1317 506 1515 543 diceretur:
1542 508 1572 542 si
1600 508 1796 552 sacrificas,

119 574 302 611 Christum
322 575 464 622 dividis3
484 575 614 610 etenim
636 587 760 621 corpus
780 572 973 614 sacrificas,
993 584 1065 605 non
1086 570 1227 605 deitatis
1245 577 1416 604 naturam.
1438 568 1529 603 Nam
1549 570 1702 617 pontifex
1719 584 1797 605 nos-

119 644 172 671 ter
192 650 339 684 magnus
354 665 361 679 ,
383 636 494 671 hostia
515 643 548 670 et
568 648 676 682 agnus
699 641 732 668 et
752 632 912 675 victima,
932 640 1106 680 quatenus
1134 631 1258 672 homo,
1282 638 1315 665 et
1336 638 1387 664 est
1409 637 1444 663 et
1468 629 1605 665 dicitur.
1632 629 1708 665 Aut
1736 631 1798 665 ita-

117 711 186 746 que
215 706 253 733 tu
283 697 453 732 sacrificas
477 695 635 730 Verbum
662 708 826 742 quoque,
848 701 951 742 prout
979 706 1091 728 sermo
1117 700 1198 727 tuus
1226 692 1313 734 fert,
1334 698 1477 738 propter
1504 704 1613 724 unam
1640 690 1797 738 hyposta-

118 759 206 805 sim;
226 767 287 794 aut
307 758 392 793 dum
414 757 603 798 sacrificas,
624 755 881 790 humanitatem
902 767 1035 802 separas
1064 754 1124 802 (1).
1150 751 1254 799 Quod
1278 752 1305 786 si
1328 751 1441 787 credis
1462 751 1623 798 magistro
1645 759 1705 786 tuo
1726 751 1798 787 Eu-

120 819 216 854 sebio
238 818 392 860 dicenti,
412 826 518 853 totam
545 816 684 851 omnino
707 824 878 851 mutatam
898 829 968 850 esse
992 827 1133 849 carnem
1156 815 1266 862 (quae
1291 812 1383 847 haud
1410 820 1547 846 maneat
1568 820 1671 859 prout
1697 821 1796 847 antea

120 888 191 914 erat
220 881 323 927 caro)
352 878 389 913 in
411 877 600 912 divinitatis
621 885 724 925 prout
745 877 818 925 ipse
840 875 908 911 scit
927 884 1112 917 naturam,
1135 875 1202 909 iam
1225 883 1262 909 tu
1286 874 1413 908 frustra
1436 872 1636 908 sacrificare
1660 873 1799 907 convin—

119 940 207 974 ceris
226 940 288 987 (2).
311 938 408 985 Quid
431 938 525 973 enim
548 938 692 973 demum
712 937 937 985 participabit
958 936 1082 972 homo?
1104 935 1203 971 Num
1225 948 1364 970 carnem
1385 933 1453 968 Dei
1474 946 1715 982 nequaquam,
1736 934 1797 968 scd

118 1000 275 1034 divinam
302 1008 468 1035 naturam
496 999 666 1034 videbitur
693 998 930 1047 participare?
958 997 1144 1032 Phantasia
1171 997 1257 1032 haec
1285 995 1488 1030 manichaea
1518 1003 1576 1030 est.
1607 994 1798 1043 Ceteroqui

117 1074 330 1110 quamquam
358 1061 484 1096 iratum
510 1075 649 1109 prorsus
678 1061 837 1096 animum
866 1069 989 1096 contra
1013 1058 1234 1094 dominicum
1254 1072 1381 1106 corpus
1404 1057 1512 1104 gerit,
1534 1057 1677 1092 interim
1704 1057 1798 1105 quod

117 1122 255 1157 adtinet
276 1122 318 1157 ad
341 1122 413 1157 eius
434 1122 757 1171 participationem,
778 1122 866 1156 nihil
890 1121 1130 1170 blasphemum
1153 1120 1269 1155 dicere
1296 1119 1409 1154 audet.
1436 1117 1568 1152 Subdit
1594 1131 1675 1152 vero
1700 1117 1797 1154 haec.

226 1189 275 1229 (ᾖ)
306 1182 404 1229 Quid
428 1184 547 1219 enim?
568 1183 685 1231 Imago
708 1192 756 1218 est
778 1183 927 1231 corporis
951 1182 1083 1217 Christi
1107 1182 1210 1216 etiam
1230 1183 1349 1229 panis,
1371 1193 1475 1228 quem
1497 1179 1669 1214 sumimus
1683 1206 1691 1221 ,
1713 1179 1799 1226 figu-

121 1248 169 1287 (ᾖ)
201 1257 281 1278 rans
310 1258 453 1279 carnem
480 1244 579 1287 eius,
602 1253 726 1293 utpote
756 1244 819 1292 qui
847 1258 912 1278 ceu
938 1252 1036 1291 typus
1061 1242 1212 1290 corporis
1236 1240 1370 1276 Christi
1392 1241 1440 1276 fit.
1473 1244 1520 1282 0⁴7⁹
1551 1239 1676 1274 Innuit
1697 1239 1799 1274 nobis

117 1317 178 1351 per
201 1304 461 1339 coniunctivam
480 1305 686 1352 particulam
705 1311 728 1325 “
755 1305 859 1339 etiam
883 1332 906 1347 „
929 1304 1031 1338 aliam
1050 1317 1191 1351 quoque
1218 1316 1289 1336 esse
1311 1301 1499 1348 imaginem
1520 1300 1673 1348 corporis
1699 1298 1799 1334 Chri-

118 1364 183 1407 sti,
205 1373 345 1412 praeter
373 1378 508 1413 panem.
536 1364 654 1414 Atque
676 1365 753 1399 heic
775 1373 866 1399 certe
887 1363 1061 1412 impietati
1083 1377 1165 1398 suae
1188 1362 1408 1408 moderatur3
1433 1374 1513 1396 nam
1541 1361 1698 1409 plurimis
1726 1360 1799 1395 aliis

117 1423 155 1458 in
182 1426 201 1445 *ἓ
226 1425 313 1460 locis
342 1438 424 1460 cum
450 1424 527 1460 Deo
554 1425 784 1472 belligerans,
813 1424 948 1459 idolum
974 1425 1066 1459 hanc
1094 1423 1284 1471 imaginem
1312 1422 1481 1471 appellare
1508 1435 1581 1456 non
1609 1421 1797 1457 exhorruit.

117 1483 199 1519 Non
228 1493 343 1520 tamen
370 1485 497 1520 diserte
525 1485 681 1521 declarat
700 1495 777 1520 utra
799 1500 839 1520 ex
859 1485 911 1520 his
933 1493 1162 1534 prototypum
1182 1483 1292 1530 magis
1315 1483 1503 1532 exprimat,
1524 1481 1578 1516 vel
1601 1481 1800 1516 similitudi-

116 1558 198 1579 nem
224 1545 345 1580 melius
368 1559 449 1581 cum
471 1560 509 1581 eo
531 1554 683 1582 tueatur.
712 1545 786 1581 Iam
806 1560 887 1581 vero
907 1546 989 1580 hinc
1011 1560 1151 1594 quoque
1175 1544 1368 1580 absurditas
1398 1544 1471 1579 eius
1501 1543 1676 1579 clarescit:
1698 1543 1799 1577 modo

117 1605 212 1640 enim
232 1606 297 1641 hoc
318 1607 453 1654 proprie
480 1620 628 1655 vereque
652 1621 778 1655 corpus
799 1606 965 1655 appellat,
987 1607 1091 1642 modo
1122 1606 1277 1654 corporis
1305 1605 1508 1652 imaginem:
1532 1617 1636 1653 quem
1657 1604 1728 1652 ipse
1750 1618 1801 1639 er-

118 1679 232 1701 rorem
258 1667 406 1714 patitur,
429 1676 610 1716 propterea
638 1668 733 1717 quod
762 1668 822 1702 dat
850 1681 1010 1716 operam,
1034 1676 1075 1703 ut
1103 1667 1340 1714 evangelicam
1367 1666 1410 1700 de
1438 1665 1554 1700 medio
1581 1665 1675 1700 tollat
1694 1665 1800 1700 histo-

118 1725 205 1760 riam
228 1740 267 1761 ac
295 1727 543 1763 narrationem.
573 1727 646 1763 Sed
675 1729 744 1763 iam
771 1728 803 1763 ei
830 1728 968 1763 dictum
988 1728 1076 1771 fuit,
1097 1732 1243 1775 nempe:
1268 1726 1363 1775 quod
1387 1725 1585 1761 secundum
1614 1725 1799 1774 opiniones

118 1794 193 1820 tuas
210 1814 218 1828 ,
246 1800 364 1836 neque
395 1802 520 1836 corpus
551 1787 685 1824 Christi
714 1798 786 1832 est,
813 1803 931 1837 neque
959 1789 1116 1824 eiusdem
1145 1788 1300 1836 corporis
1328 1786 1449 1834 imago.
1477 1786 1569 1822 Nam
1597 1787 1624 1821 si
1654 1787 1800 1821 circum-

116 1846 223 1881 scribi
251 1847 367 1891 dicas,
390 1849 557 1897 quoniam
584 1850 679 1885 intra
707 1850 794 1884 labia
823 1859 855 1885 et
882 1849 1003 1885 dentes
1031 1849 1279 1892 concluditur,
1301 1862 1373 1884 non
1402 1857 1454 1882 est
1484 1847 1618 1883 Christi
1646 1862 1796 1896 corpus,

115 1920 232 1956 neque
252 1907 370 1944 Verbo
397 1909 533 1945 unitur.
564 1909 676 1959 Saepe
705 1910 802 1945 enim
829 1911 897 1945 iam
920 1910 1075 1946 definisti
1103 1909 1450 1957 incircumscriptum
1479 1923 1552 1944 esse
1576 1908 1707 1944 Christi
1728 1922 1799 1943 cor—

116 1982 181 2016 pus
210 1979 353 2018 propter
382 1985 480 2006 suam
511 1985 591 2006 cuin
619 1971 740 2007 Verbo
770 1972 950 2009 unionem.
986 1971 1094 2018 Quod
1122 1972 1149 2007 si
1177 1972 1366 2019 imaginem
1395 1970 1548 2019 corporis
1577 1970 1696 2013 dicas,
1725 1984 1798 2005 non

116 2029 221 2064 modo
248 2031 330 2079 quia
360 2032 472 2079 imago
505 2041 577 2076 est,
601 2033 769 2078 reicitur3
793 2032 852 2067 sed
881 2033 963 2082 quia
992 2033 1094 2068 etiam
1122 2033 1307 2081 physicum
1330 2045 1457 2080 corpus
1485 2032 1527 2066 ab
1555 2032 1687 2066 unione
1718 2044 1799 2066 cum

118 2088 234 2124 Verbo
260 2091 479 2128 distraheret.
506 2093 607 2129 Adeo
636 2095 703 2129 sibi
729 2108 800 2129 non
831 2103 994 2130 constant
1020 2108 1088 2129 nec
1117 2108 1211 2129 error
1232 2108 1298 2129 nec
1321 2093 1572 2141 irreligiositas!
1598 2092 1662 2128 Vel
1690 2084 1798 2140 igitur

118 2149 214 2185 hune
236 2165 374 2200 quoque
403 2167 531 2201 panem
556 2154 901 2204 incircumscriptum
929 2155 985 2190 dic
999 2183 1007 2198 ,
1028 2163 1067 2190 ut
1088 2163 1147 2190 tua
1169 2154 1280 2189 omnis
1304 2153 1420 2189 fabula
1441 2153 1658 2202 perficiatur;
1684 2168 1798 2201 neque

119 2210 215 2245 enim
236 2212 302 2247 hoc
330 2214 488 2260 possibile
512 2223 583 2261 est3
603 2215 655 2250 vel
685 2224 757 2251 tota
777 2224 836 2251 tua
857 2216 900 2252 de
926 2216 1230 2263 incircumscripto
1256 2215 1366 2249 oratio
1394 2214 1430 2248 in
1461 2227 1596 2249 cassum
1625 2214 1799 2249 elaborata

121 2281 368 2320 comperietur.

197 2348 232 2378 (1)
252 2348 410 2381 Hactenus,
431 2352 510 2383 capto
529 2349 608 2377 initio
627 2350 661 2377 ab
680 2351 714 2378 iis
738 2350 826 2378 verbis
845 2352 877 2378 al
895 2353 969 2378 enim
989 2360 1037 2378 nos
1057 2360 1144 2386 neque
1167 2353 1317 2386 Inzayt'nem
1338 2350 1544 2385 (duodeviginti
1567 2350 1669 2377 scilicet
1688 2352 1797 2381 versus)

117 2388 208 2416 locum
228 2399 259 2417 ex
280 2400 329 2418 ms.
346 2393 500 2428 Nicephoro
520 2398 676 2429 excerptum
696 2394 808 2422 dederat
827 2396 1007 2423 Combefisius
1026 2397 1054 2423 in
1075 2396 1216 2431 manipulo
1235 2403 1326 2422 rerum
1347 2396 1548 2430 constantinop
1566 2403 1591 2429 p.
1610 2398 1670 2421 221.
1693 2396 1730 2421 De
1749 2395 1799 2420 hoc

116 2432 210 2461 eodem
233 2435 377 2470 Nicephori
401 2441 490 2464 tractu
514 2437 637 2473 loquitur
656 2438 817 2466 Harduinus
841 2439 874 2466 de
897 2444 1067 2467 sacramento
1091 2440 1184 2467 altaris
1204 2448 1262 2474 cap.
1283 2440 1319 2472 V,
1342 2447 1422 2474 quem
1442 2444 1581 2466 auctorem
1601 2439 1698 2465 videsis
1718 2439 1798 2465 etiam

117 2485 142 2512 p.
160 2480 221 2504 262.
239 2479 319 2511 (edit.
337 2481 508 2513 Amstelod.)
524 2482 550 2509 in
567 2482 633 2509 adn.
649 2486 674 2510 S.
697 2484 754 2509 lam
776 2491 823 2518 pro
843 2483 894 2510 hoc
913 2484 1083 2511 nobilissimo
1102 2488 1129 2511 et
1148 2484 1340 2519 pretiosissimo
1359 2483 1509 2511 catholicae
1528 2483 1656 2510 ecclesiae
1672 2483 1799 2517 dogmate

116 2522 184 2557 quid
203 2530 252 2557 ego
271 2524 326 2551 iam
346 2524 436 2552 dicam
457 2530 517 2561 post
537 2526 707 2561 praedictum
728 2527 866 2554 Harduini
887 2532 1046 2560 tractatum,
1068 2532 1128 2562 post
1147 2527 1260 2563 grandia
1279 2527 1395 2555 Arnaldi
1414 2531 1441 2555 et
1459 2527 1624 2555 Renaudotii
1644 2527 1796 2557 volumina,

116 2570 178 2614 post
196 2568 305 2594 testium
326 2568 427 2596 nubem
447 2569 481 2596 ab
503 2571 609 2605 ignatio
628 2575 654 2598 et
674 2571 802 2606 deinceps
826 2571 899 2606 apud
923 2572 1118 2599 Combelisium
1142 2573 1171 2598 in
1194 2572 1321 2599 biblioth.
1342 2573 1393 2599 ΡΡ.
1415 2573 1539 2599 concion.
1561 2571 1717 2603 inductam,
1738 2574 1799 2605 post

117 2609 185 2636 alias
204 2610 363 2639 innumeras
383 2612 434 2639 hac
453 2622 535 2649 super
554 2623 581 2641 re
601 2615 800 2642 catholicorum
820 2615 1009 2650 theologorum
1029 2616 1250 2644 lucubrationes?
1268 2617 1310 2643 En
1330 2621 1401 2644 certe
1420 2621 1447 2643 et
1465 2617 1548 2643 alium
1570 2620 1796 2651 propugnatorem

116 2652 252 2687 dogmatis
272 2656 454 2690 patriarcham
475 2659 678 2693 Nicephorum,
698 2660 746 2694 qui
765 2660 851 2686 totius
867 2668 980 2694 graecae
999 2660 1126 2687 eeclesiae
1145 2669 1288 2696 personam
1307 2662 1386 2696 gerit.
1408 2661 1502 2697 Cyrilli
1522 2661 1602 2688 etiam
1623 2659 1730 2691 magni,
1751 2659 1798 2684 So-

117 2696 226 2745 pli-ronii
245 2699 496 2737 hierosolymitani,
517 2703 645 2739 Eutychii
665 2704 958 2738 constantinopolitani
978 2704 1041 2736 (ubi
1061 2704 1094 2732 de
1113 2705 1243 2741 antitypis
1258 2706 1339 2732 etiam
1355 2705 1504 2738 diximus),
1525 2704 1667 2731 Theodosii
1688 2703 1796 2729 alexan-

117 2739 204 2776 duni,
225 2747 251 2770 et
269 2745 426 2773 Luculentii
446 2747 539 2780 latini,
561 2756 628 2774 nova
649 2749 806 2775 testimonia
826 2748 890 2776 alibi
910 2757 960 2775 nos
979 2749 1229 2784 ipsi=vulgavimus.

197 2789 232 2819 (2)
251 2789 344 2817 Cernis
363 2791 548 2827 Nicephorum
568 2792 602 2819 de
621 2793 704 2820 missa
725 2793 851 2828 liturgica
871 2798 1011 2828 tamquam
1031 2793 1064 2821 de
1083 2795 1214 2821 sacrificio
1234 2799 1391 2822 constanter
1408 2795 1577 2829 loquentem3
1594 2792 1666 2828 quod
1687 2796 1726 2819 est
1745 2799 1794 2819 no—

117 2836 180 2857 mm
198 2838 391 2867 argumentum
411 2840 504 2863 contra
525 2836 586 2865 illos
605 2836 799 2871 heterodoxos,
820 2838 867 2873 qui
886 2846 999 2865 coenam
1020 2839 1212 2867 tantummodo
1231 2839 1369 2875 appellare
1387 2839 1491 2866 volunt.

1834 1434 1844 1443 ,
1902 1429 1907 1436 .
2027 1430 2031 1435 .

1853 1437 1886 1457 nr.
1898 1441 1935 1460 εν,
1950 1439 1994 1453 non
2012 1441 2028 1455 ξι

1836 1679 1849 1695 Ι,
1855 1683 1872 1697 Γ,
1888 1682 1910 1703 Ι),
1926 1680 1957 1696 35.
