2203 3331
93 485 168 505 ’111112
178 484 296 506 numu.

167 1336 203 1356 (ir.
218 1342 241 1362 p.
256 1339 288 1356 153.

76 2549 83 2558 ’
90 2547 151 2569 Hirr.
160 2549 237 2570 XXXI.
246 2552 279 2570 51.

336 174 404 206 218
930 181 958 205 s.
985 182 1156 206 NICEPHORI
1182 183 1419 207 Aretommcrs

341 237 452 271 Deus.
477 243 509 269 01
537 233 749 283 quibusnam
772 249 833 282 per
857 244 1010 284 tempora
1034 252 1151 272 curam
1175 251 1269 272 snam
1293 238 1505 285 peculiarem
1525 238 1758 286 impenderit,
1781 248 1814 275 et
1839 253 2012 288 quaenam

337 297 467 331 noxitas
495 310 554 329 5011
584 295 788 329 instauratio
812 296 1038 332 serendarum
1061 298 1226 346 deinceps
1251 298 1390 343 legum,
1412 313 1500 346 quae
1521 299 1699 334 veteribus
1721 301 1888 335 firmiores
1915 310 2011 335 crant

335 359 489 395 suturae,
507 355 689 403 multoque
713 356 883 403 potiorem
904 357 1033 392 laturae
1057 359 1265 397 utilitatem,
1285 367 1319 393 ct
1341 358 1486 393 ubinam
1502 358 1693 407 aliquando
1713 361 1774 395 hae
1796 361 1887 408 leges
1907 361 2013 408 signi-

336 417 490 452 ficandae
517 417 652 457 soi-eni,
675 417 842 465 qualique
867 418 995 453 virtute
1020 419 1257 465 magisterium
1282 419 1436 467 ipsarum
1462 428 1550 454 cssct
1576 421 1821 467 peragendum.

439 478 495 513 52.
526 477 588 511 Sic
615 485 787 511 3111011150
810 478 914 513 babet
944 479 1041 513 loeus
1070 480 1290 527 propheticus
1315 481 1342 514 *ἦ
1365 487 1386 500 “
1412 478 1504 514 1Ῑοοο
1533 480 1606 514 dies
1631 481 1794 524 veniunt,
1815 482 1862 516 ait
1889 481 2011 516 Domi-

336 567 358 577 ,,
388 553 477 579 nus,
501 546 534 572 ct
561 537 685 571 l'criam
713 538 832 572 domui
864 539 1020 573 lsi-abelis
1042 548 1075 574 ct
1097 539 1220 574 domui
1249 540 1357 574 Iudae
1387 541 1508 574 foedus
1537 554 1689 586 novumg
1713 555 1783 575 non
1813 542 2011 577 secundum

335 628 357 638 .,
388 599 509 632 l'octlus
536 598 629 646 quod
659 598 771 645 pepigi
800 612 883 633 cum
911 599 1069 646 patribus
1098 614 1240 641 eurum,
1268 600 1324 635 die
1353 615 1421 648 11113
1449 600 1664 648 apprehendi
1692 614 1838 636 manum
1866 615 2009 644 eorum,

335 688 355 695 ..
387 668 423 694 ut
445 659 632 693 educerem
661 674 718 693 cos
745 659 786 693 de
818 668 908 693 tcrra
934 660 1089 707 Λ1013111111.
1118 659 1161 694 ]⁴]t
1192 661 1256 709 ipsi
1284 675 1354 695 non
1385 669 1658 708 permanserunt
1682 661 1719 695 in
1748 662 1888 696 foedere
1911 676 2010 708 meo3

335 749 356 763 ,7
386 729 419 755 01
449 734 509 766 ego
538 719 779 765 eos·neglcxI,
803 719 850 754 ait
875 719 1055 755 Dominus.
1085 721 1178 765 Quia
1208 721 1271 755 lioe
1295 729 1344 756 est
1369 721 1492 755 foedus
1521 721 1616 770 quod
1647 722 1770 756 seriam
1799 735 1880 756 eum
1908 722 2010 757 domo

333 809 355 822 .‚
386 780 545 815 lsraliclis
568 789 645 827 post
667 779 740 814 dies
771 780 868 821 illos,
890 779 974 814 dicit
997 779 1193 822 Dominus,
1215 781 1300 815 dans
1328 782 1419 828 leges
1448 795 1539 816 meas
1566 782 1602 816 in
1626 790 1780 816 mentem
1808 796 1952 825 eorum,
1976 792 2011 817 et

332 870 354 883 ‚‚
385 841 419 875 in
442 841 542 875 corde
565 841 772 875 eorumdem
792 840 940 875 scribam
964 840 1054 876 illas:
1080 849 1114 875 et
1139 855 1197 875 ero
1220 842 1269 875 eis
1291 841 1329 876 in
1352 841 1493 885 Deum,
1517 852 1550 878 ct
1573 842 1639 890 ipsi
1662 850 1767 878 erunt
1787 843 1874 877 1111111
1896 843 1931 877 in
1952 857 2011 891 po-

333 930 354 943 .‚
384 901 514 949 pulum.
543 900 668 948 Neque
692 914 795 935 suum
817 899 968 948 quisque
992 900 1101 935 civem
1123 900 1284 943 docebit,
1306 916 1420 949 neque
1442 902 1527 937 item
1551 903 1700 951 quisque
1721 904 1861 938 fratrem
1881 917 1987 938 suum
2001 931 2010 946 ,

332 992 353 1006 .,
383 964 522 999 dicens:
548 976 717 1010 cognosce
740 962 956 999 Dominum:
981 976 1101 997 omnes
1132 963 1226 997 enim
1253 973 1469 1010 cognoscent
1496 978 1551 999 me
1567 993 1574 1007 ,
1597 979 1614 999 3
1636 979 1738 1012 parvo
1761 965 1803 999 ad
1831 978 2007 1011 magnum.

331 1053 352 1067 ,,
383 1025 475 1070 Quia
503 1024 713 1072 propitiabor
742 1024 986 1071 iniquitatibus
1018 1037 1162 1065 eorum,
1193 1033 1227 1058 et
1258 1024 1399 1072 peccati
1427 1025 1580 1072 ipsorum
1612 1026 1761 1061 ulterius
1789 1040 1860 1061 non
1894 1040 2011 1061 recor-

331 1113 352 1120 ..
381 1084 497 1119 dabor.
523 1112 544 1126 ‚t
568 1083 746 1118 llactcnus
773 1083 924 1131 Spiritus
950 1084 1064 1118 sancti
1089 1084 1270 1132 interpres,
1300 1083 1390 1129 Quis
1417 1098 1520 1132 porro
1548 1086 1632 1120 llaec
1661 1086 1828 1134 inspirata
1849 1100 1923 1121 non
1950 1100 2009 1121 au-

327 1145 390 1178 diit
418 1144 585 1179 oracula?
613 1144 756 1192 Ubique
789 1152 959 1178 terrarum
981 1157 1022 1178 ac
1048 1143 1157 1192 pelagi
1185 1144 1397 1179 deiferorum
1423 1145 1579 1180 virorum
1608 1145 1768 1181 cernitur
1794 1146 2010 1194 praedicatio

327 1206 459 1240 diffusa.
486 1204 574 1250 Quis
605 1205 650 1238 ita
679 1204 849 1252 insipiens
872 1213 905 1239 et
927 1204 1093 1247 stolidus,
1117 1213 1157 1240 ut
1179 1204 1331 1253 Spiritus
1361 1206 1502 1240 oracula
1529 1206 1629 1255 pensi
1655 1220 1729 1241 non
1755 1207 1901 1249 habeat,
1923 1207 2009 1241 artis

326 1274 444 1300 autem
464 1265 652 1299 diabolicae
675 1265 828 1299 inventis
849 1265 1038 1301 adtendat?
1062 1264 1204 1310 Quanta
1226 1266 1501 1314 reprehensione
1525 1281 1564 1301 ac
1586 1267 1777 1314 punitione
1800 1267 1900 1313 digni
1919 1267 2007 1309 51111,

326 1326 416 1361 dicat
442 1325 570 1374 aliquis
598 1339 722 1360 corum
750 1326 811 1373 qui
837 1333 932 1360 recte
960 1325 1127 1373 loquendi
1155 1334 1240 1360 sunt
1267 1325 1423 1361 studiosi.
1453 1326 1551 1372 Quid
1579 1327 1632 1361 his
1660 1327 1762 1362 dictis
1791 1327 1920 1362 rectius
1948 1336 2008 1362 aut

325 1386 551 1421 evidentius?
579 1386 710 1420 Nonne
731 1386 813 1421 hinc
838 1386 1040 1433 coarguitur
1069 1385 1255 1421 stultorum
1282 1386 1443 1422 vanitas?
1468 1386 1600 1422 Nonne
1627 1387 1786 1422 doctrina
1807 1396 1947 1431 nostra,
1969 1396 2009 1423 ut

323 1456 440 1482 rectae
469 1446 593 1495 pietati
622 1460 800 1490 consona,
821 1447 903 1482 hinc
931 1446 1215 1483 demonstratur?
1242 1447 1372 1482 Nonne
1394 1461 1523 1482 novum
1552 1448 1671 1483 foedus
1700 1448 1800 1482 nobis
1827 1457 1907 1483 ante
1930 1463 2008 1497 pro-

324 1508 502 1550 clamavit,
526 1508 620 1556 quod
650 1507 798 1543 salutare
819 1507 977 1543 Verbum
1003 1508 1187 1543 visibiliter
1213 1522 1384 1557 apparens
1411 1509 1583 1544 tradidit?
1611 1509 1741 1544 Nonne
1769 1509 1859 1544 ritae
1882 1523 2007 1544 seeun-

322 1568 407 1603 dum
428 1567 547 1603 Dcum
567 1568 722 1615 agendae
750 1569 923 1603 rationem
944 1568 980 1602 in
1002 1577 1225 1604 antecessum
1250 1569 1429 1617 exposuit3
1455 1577 1488 1604 et
1514 1569 1611 1617 quod
1635 1582 1712 1604 eam
1736 1569 2007 1616 suscipientium

324 1629 546 1664 illustrandae
567 1638 707 1664 mentes
728 1631 844 1664 soreut
867 1637 900 1664 ct
923 1629 1193 1676 illuminandaeg
1217 1638 1252 1665 et
1272 1630 1367 1678 quod
1390 1630 1543 1678 denique
1566 1630 1608 1665 ad
1631 1630 1736 1665 fidem
1757 1629 2007 1665 accedentium

322 1690 425 1725 eorda
446 1699 563 1725 vetere
586 1690 715 1737 peceati
737 1690 874 1725 macula
897 1690 1101 1725 mundanda
1122 1692 1262 1726 essent?
1282 1690 1319 1725 in
1337 1691 1465 1739 quibus
1489 1691 1592 1725 etiam
1613 1691 1769 1725 divinam
1790 1691 1904 1737 legem
1925 1691 2006 1726 scri-

320 1760 421 1798 ptum
448 1750 491 1784 iri
518 1750 789 1798 praenuntiavit.
819 1750 947 1785 Nonne
976 1759 1130 1785 veterem
1158 1750 1338 1785 bominem
1366 1751 1565 1798 depositum
1595 1750 1656 1793 iri,
1684 1751 1880 1799 spirituque
1908 1765 2006 1785 reno-

319 1811 474 1846 vandum
500 1811 718 1859 praescripsit
735 1812 750 1846 ἶ)
779 1810 910 1845 Nonne
940 1819 1091 1846 nostram
1123 1824 1205 1846 cum
1232 1810 1308 1846 Deo
1336 1810 1610 1846 familiaritatem
1637 1811 2004 1859 propinquitatemque

320 1870 501 1907 delineat}¹
526 1871 572 1906 ita
594 1880 633 1906 ut
654 1871 763 1906 simus
789 1872 860 1906 eius
882 1871 1033 1920 populus
1055 1880 1088 1906 et
1109 1880 1228 1906 saneta
1250 1872 1417 1906 hereditas
1431 1901 1438 1911 ,
1460 1872 1605 1907 liberam
1627 1881 1660 1906 et
1680 1886 1742 1920 per
1764 1881 1874 1907 semet
1896 1871 2003 1920 ipsam

319 1933 467 1967 oblatam
494 1932 564 1968 Dei
586 1933 828 1979 cognitionem
855 1933 1033 1968 habituri?
1060 1932 1190 1968 Nonne
1220 1933 1363 1968 exhibet
1384 1932 1503 1967 Deum
1525 1933 1628 1979 gratis
1650 1932 1899 1980 indulgentem
1925 1947 2005 1980 pec-

320 1994 404 2028 catis
428 1993 577 2035 nostris,
600 2001 635 2028 et
661 1993 893 2041 iniquitatum
914 2001 1113 2029 nostrarum
1138 1993 1349 2028 oblivionem
1369 1993 1723 2029 demonstraturum?
1751 1993 1880 2028 Nonne
1902 1993 2004 2028 mise-

320 2053 504 2088 ricordiam
525 2062 557 2088 ct
577 2054 833 2101 benignitatem
853 2068 959 2102 quam
980 2054 1016 2089 in
1039 2068 1102 2089 nos
1125 2054 1233 2101 gerit,
1255 2054 1504 2102 proclamavit?
1525 2054 1677 2096 Nonne,
1700 2053 1794 2101 quod
1817 2053 1868 2088 rei
1889 2053 2003 2088 omnis

320 2123 422 2161 caput
443 2123 493 2149 est
508 2143 515 2157 ,
538 2123 576 2148 111
599 2114 798 2149 summatim
819 2115 952 2156 dicam,
974 2129 1090 2149 sacrae
1112 2123 1248 2149 nostrae
1271 2114 1352 2149 fidei
1375 2114 1602 2149 fundamenta
1625 2123 1661 2149 et
1682 2114 1792 2149 l'ulera
1814 2113 2003 2149 stabilivit?

320 2174 381 2208 His
403 2175 592 2223 plaudere,
616 2184 650 2210 01
671 2175 833 2210 felicibus
857 2175 979 2210 eadem
1001 2190 1169 2210 coronare
1193 2176 1385 2222 suffragiis,
1407 2175 1638 2210 iustissimum
1660 2175 1712 2210 sit.
1735 2175 1894 2223 Namque
1917 2175 2001 2210 11300

320 2235 507 2282 impietatis
530 2235 732 2283 deprimunt
753 2236 1004 2284 supercilium,
1028 2245 1060 2287 et
1082 2235 1345 2284 impudentium
1368 2250 1424 2270 ora
1447 2236 1650 2271 obstruunt.
1673 2234 1765 2270 Vere
1788 2235 1909 2270 decuit
1931 2249 2003 2269 ora-

320 2295 482 2330 culorum
508 2296 635 2330 horum'
663 2296 890 2330 mediatorem
918 2310 991 2330 esse
1020 2305 1122 2344 atque
1149 2296 1368 2335 ministrum,
1394 2310 1475 2331 011111
1503 2296 1566 2344 qui
1595 2304 1690 2331 recte
1719 2295 1899 2344 digneque
1924 2309 2002 2343 pro-

318 2356 498 2402 phetarum
520 2355 636 2390 dictus
659 2365 711 2390 est
734 2356 1035 2391 misci-amissimus
1062 2365 1202 2405 propter
1229 2370 1326 2391 5113111
1348 2356 1389 2390 ad
1411 2356 1551 2391 luctum
1571 2356 1811 2403 lacrymasque
1839 2355 2001 2403 proclivi-

318 2423 447 2461 tatemg
474 2415 532 2463 qui
560 2415 635 2450 Deo
662 2416 803 2462 agnitus
832 2417 899 2451 suit
928 2426 1010 2451 ante
1042 2417 1147 2452 etiam
1175 2417 1466 2465 conceptionem,
1496 2426 1525 2451 ct
1558 2417 1594 2451 111
1622 2417 1694 2464 ipsa
1720 2415 1820 2450 vulva
1848 2415 2000 2450 sanctifi-

319 2484 426 2510 catus.
453 2475 551 2521 Quid
576 2476 671 2511 enim
694 2490 786 2511 sacra
812 2477 868 2512 illa
895 2478 1008 2513 anima
1036 2477 1246 2512 clementius
1273 2486 1305 2512 et
1328 2478 1473 2525 purius?

422 2536 494 2571 Sed
523 2536 565 2570 ad
594 2538 854 2584 propositurum
884 2538 1064 2573 dictorum
1093 2538 1376 2587 explanationem
1405 2547 1542 2585 tempus
1565 2546 1678 2572 estut
1700 2545 1948 2572 convertamur
1972 2538 1998 2571 ᾖ.

317 2604 339 2619 “
372 2596 462 2631 Eece
484 2597 557 2631 dics
578 2597 748 2639 veniunt,
770 2598 813 2632 ait
838 2597 1040 2642 Dominus,
1062 2608 1095 2634 ct
1118 2599 1239 2634 seriam
1259 2599 1379 2634 domui
1402 2598 1562 2633 lsraliclis
1577 2626 1585 2641 ,
1607 2607 1640 2633 et
1661 2597 1781 2632 domui
1802 2596 1910 2631 Iudae
1932 2597 2002 2631 soe-

321 2686 344 2701 ,,
373 2658 440 2692 dus
460 2670 600 2692 novum.
623 2685 646 2700 ,,
667 2656 751 2692 Dies
772 2658 858 2692 nulli
881 2659 937 2693 alii
960 2659 1108 2706 intelligi
1128 2659 1277 2702 debent,
1297 2659 1365 2694 nisi
1387 2672 1472 2707 quos
1493 2658 1601 2693 ceteri
1617 2658 1804 2706 prophetae
1826 2665 2000 2692 extremos

317 2719 391 2752 scre
413 2718 541 2753 docent
565 2717 723 2766 (etiamsi
753 2718 935 2754 indefinite
958 2720 1034 2755 11010
1055 2720 1191 2756 dietum
1218 2722 1288 2768 est)
1312 2720 1438 2768 quibus
1458 2718 1530 2753 Dei
1550 2718 1710 2753 Verbum
1730 2718 1821 2752 111101·
1844 2717 2001 2752 homines

318 2791 396 2812 eum
426 2792 529 2813 carne
557 2787 731 2813 versatum
760 2788 819 2815 est.
849 2779 892 2813 In
920 2781 1141 2816 saeculorum
1170 2781 1263 2815 enim
1290 2781 1381 2823 siue,
1406 2779 1540 2814 Christi
1567 2778 1773 2827 mysterium
1799 2778 2000 2813 manifesta-

318 2846 391 2872 tum
420 2848 492 2882 est,
515 2840 681 2889 legesque
710 2840 752 2876 ab
781 2854 819 2875 eo
848 2841 951 2875 nobis
973 2855 1053 2877 eum
1078 2856 1167 2877 novo
1189 2841 1330 2877 foedere
1352 2840 1485 2876 adlatae
1507 2840 1614 2875 suere.
1642 2839 1785 2888 Alioqui
1812 2838 1998 2875 ostendant
