2203 3331
231 1536 261 1555 (ir
283 1543 304 1561 p,
322 1539 332 1557 7

143 2504 183 2524 ῬΒ
200 2502 297 2524 tnta.
311 2508 338 2524 t..

381 189 424 220 '20
939 198 966 221 s.
994 199 1163 222 nemmem
1191 199 1444 222 ,zrz'rnuunzricrs
1472 200 1494 223 1.

382 252 549 289 tendere,
575 250 635 285 sed
665 251 751 285 sacta
782 252 1012 289 considerare.
1041 254 1092 289 Re
1121 255 1212 289 enim
1239 269 1315 289 vera
1343 264 1580 290 commovetur
1609 257 1649 290 ab
1670 271 1708 291 eo
1731 256 1859 293 bellum
1887 258 2049 295 adversus

385 311 569 358 [snigeniti
598 312 888 349 incarnationem.
917 313 1010 349 Hinc
1039 314 1184 363 Typhon
1213 315 1398 363 impietatis
1427 317 1594 351 attollitur
1621 317 1880 368 plurimumque
1909 321 2053 367 grande·

381 373 463 414 scit,
489 372 594 407 sacris
622 373 748 408 nostris
774 373 994 421 dogmatibus
1023 390 1219 423 perversam
1246 390 1343 411 suam
1368 376 1571 424 opinionem
1599 392 1792 425 opponens:
1815 394 1967 428 quasque
1995 394 2050 415 res

383 433 413 467 01
441 446 504 467 nce
532 433 704 480 attingere
726 448 792 469 nec
814 444 967 483 spectare
997 436 1137 479 liceret,
1160 451 1215 471 eas
1244 446 1379 485 praeter
1406 451 1506 472 omne
1532 439 1581 472 sas
1600 430 1811 488 'praeterque
1832 449 1981 475 nostram
2004 440 2050 475 le-

383 493 600 539 gislationem
624 496 673 542 (1)
697 505 894 543 oppugnat,
917 509 1050 531 summo
1073 511 1154 531 cum
1179 498 1309 546 impetn
1333 507 1363 532 et
1386 499 1463 532 odio
1486 499 1521 532 in
1543 498 1710 534 eeclesiae
1734 514 1856 548 corpus
1882 501 2049 536 insiliens.

385 553 491 589 Certe
512 554 674 589 omnibus
695 564 817 590 notum
840 565 909 598 est,
930 571 1016 604 qnos
1041 558 1200 592 homines
1221 559 1256 592 in
1281 559 1428 593 ccclesia
1450 573 1509 593 sua
1532 558 1629 593 Deus
1651 561 1819 607 posuerit,
1842 575 1965 609 nempe
1990 575 2048 597 005

326 635 343 647 2
381 629 467 662 qnos
488 616 604 662 magni
624 617 765 664 apostoli
788 617 947 651 doctrina
968 618 1066 651 nobis
1085 619 1294 653 demonstrat
1317 621 1344 654 *ἦ
1363 619 1600 655 Nihilominus
1621 634 1729 668 quum
1748 621 1804 655 1110
1828 621 2045 669 (3131301135)

380 676 519 710 deberet
543 676 690 723 publicis
711 677 956 725 regalibusque
979 678 1125 724 negotiis
1146 692 1284 722 vacare,
1306 689 1485 728 postquam
1503 680 1639 715 divinae
1661 680 1788 727 gloriae
1809 681 2048 716 carnalitatem

381 750 476 771 suani
499 745 603 785 atque
629 737 808 771 libidinem
837 738 1053 785 anteposuit,
1075 738 1260 773 ductorum
1285 754 1424 774 snorum
1446 740 1615 788 impulsus
1639 740 1882 783 suasionibus,
1902 741 2048 776 horribi-

382 797 460 831 liter
480 798 599 832 furens
624 806 743 831 contra
764 798 903 845 piorum
925 806 1038 846 partes
1065 812 1207 834 manum
1235 801 1401 844 armavit,
1424 801 1648 849 linguamque
1669 802 1832 837 adversus
1857 810 1987 836 rectam
2015 810 2047 836 et

383 857 628 904 inculpabilem
652 857 752 891 fidem
774 866 926 892 nostram
949 858 1096 893 exacuit.
1123 858 1162 892 Si
1184 860 1263 907 quis
1286 874 1366 907 ergo
1388 870 1545 896 mentem
1565 862 1771 905 adverterit,
1794 870 1826 896 et
1847 861 2047 896 accuratius

380 931 450 951 rem
478 918 685 965 dispexerit,
713 918 876 952 facillime
906 918 1003 952 illum
1033 928 1238 965 cognoscet,
1262 934 1332 954 non
1360 920 1524 955 adversus
1550 921 1734 956 veritatem
1764 930 1898 957 tantum
1925 922 2047 970 impin-

381 992 457 1024 gere.
472 1006 479 1019 ,
500 991 620 1012 verum
644 979 745 1012 etiam
770 978 907 1012 sibimet
932 979 1046 1026 ipsum
1070 979 1270 1014 deformiter
1290 981 1541 1017 contradicere.

488 1052 540 1073 10.
572 1045 618 1083 0¹0
651 1038 779 1073 Sancta
805 1037 895 1081 Dei,
917 1038 1055 1086 inquit,
1078 1047 1112 1073 et
1139 1040 1303 1075 catholica
1331 1041 1509 1084 omnium,
1531 1042 1592 1089 qui
1617 1041 1805 1077 Christiani
1831 1055 1968 1085 sumus,
1994 1057 2046 1078 ec-

384 1105 430 1144 (739
463 1100 574 1135 clesia.
607 1105 654 1144 039
686 1098 883 1145 Quamnam
914 1099 990 1133 heic
1024 1108 1062 1134 tu
1091 1100 1181 1134 dicis
1209 1101 1415 1137 ecclesiam?
1443 1102 1577 1148 rogabit
1604 1116 1685 1137 eum
1713 1103 1843 1151 aliquis.
1873 1103 1913 1137 Si
1944 1103 2044 1138 aliam

379 1159 564 1206 quamdam
583 1159 794 1206 peculiarem
816 1173 1019 1202 secernens,
1041 1159 1127 1194 dum
1148 1160 1346 1208 phantasiae
1368 1168 1446 1195 11130
1467 1161 1611 1196 vanitati
1631 1162 1813 1209 indulges,
1834 1163 2043 1210 procudisti,

381 1220 441 1253 hoc
466 1220 583 1267 utique
605 1219 783 1268 proprium
813 1220 878 1254 erit
899 1220 1078 1268 opificium
1102 1229 1211 1256 tuum.
1236 1220 1301 1255 Sin
1322 1235 1401 1256 vero
1422 1222 1513 1256 113110
1534 1221 1625 1257 dicis
1639 1250 1647 1265 ,
1668 1236 1755 1270 quae
1776 1222 1867 1270 apud
1888 1236 1952 1256 nos
1976 1231 2043 1267 est3

379 1281 551 1328 quomodo
580 1289 617 1315 tu
648 1289 804 1315 sanctam
832 1294 929 1315 nunc
958 1281 1129 1329 appellas,
1158 1295 1259 1329 quain
1287 1283 1538 1317 exsecrandam
1564 1282 1805 1331 impuramque
1833 1282 1912 1318 alibi
1939 1282 2045 1317 fictio-

380 1341 483 1376 nibus
504 1342 571 1376 tuis
592 1341 750 1390 plurimis
780 1350 884 1390 atque
907 1342 1034 1376 malitia
1048 1368 1056 1384 ,
1079 1350 1111 1377 et
1136 1342 1401 1378 daemoniorum
1426 1343 1605 1378 cultricem
1620 1371 1628 1386 ,
1649 1352 1842 1391 statuasque
1863 1339 2044 1390 sacrilegas

379 1411 599 1437 venerantem
621 1402 855 1437 demonstrare
880 1410 1026 1437 conatus
1049 1403 1111 1437 es?
1133 1402 1238 1450 idque
1260 1403 1391 1438 iamdiu
1413 1404 1454 1438 ab
1475 1403 1628 1452 antiquis
1651 1404 1866 1452 temporibus
1887 1403 2046 1438 factitan-

380 1472 447 1498 tem
475 1463 658 1498 adfirmas?
686 1462 759 1497 Hae
788 1471 869 1497 sunt
894 1462 988 1497 enim
1008 1463 1133 1497 mentis
1155 1471 1237 1498 tuae
1257 1464 1539 1512 despumationes
1553 1493 1561 1507 ,
1583 1464 1728 1513 Deoque
1750 1464 1883 1499 hostilis
1903 1464 2042 1511 linguae

377 1538 489 1558 ansus.
514 1523 636 1571 Neque
657 1524 766 1558 verbis
787 1531 945 1565 tantum,
972 1523 1032 1557 sed
1055 1523 1119 1558 iam
1143 1523 1243 1558 etiam
1270 1524 1447 1572 scripturis
1462 1552 1470 1566 ,
1492 1524 1624 1572 ubique
1648 1525 1877 1573 blasphemiae
1905 1524 2042 1571 vestigia

380 1584 546 1633 relinquis
561 1613 568 1627 ,
590 1599 679 1633 quae
708 1593 803 1619 tuam
825 1584 987 1619 adversus
1012 1583 1130 1618 Deum
1153 1593 1186 1619 et
1208 1585 1369 1620 homines
1394 1585 1608 1633 impietatem
1632 1594 1836 1632 coarguunt.
1866 1584 1942 1620 Cur
1964 1599 2042 1632 ergo

378 1645 580 1688 ecclesiam,
604 1646 686 1679 dnm
708 1645 774 1680 tuis
796 1645 942 1693 quidem
965 1659 1039 1679 eam
1066 1645 1165 1679 velles
1186 1646 1399 1693 patrocinari
1421 1646 1666 1694 opinionibus,
1691 1646 1895 1681 catholicam
1917 1654 1951 1680 et
1971 1659 2044 1679 san·

378 1715 467 1741 ctam
494 1706 662 1754 appellare
691 1706 818 1741 iactas?
849 1705 939 1740 Cum
968 1714 1083 1740 autem
1107 1706 1222 1741 divina
1249 1715 1365 1741 nostra
1391 1707 1442 1741 vis
1470 1707 1628 1753 dogmata
1654 1720 1871 1754 oppugnare,
1897 1705 2042 1754 perinde
2068 1739 2069 1742 ,

377 1768 505 1801 habens
528 1767 646 1801 Deum
668 1780 706 1800 ac
731 1767 936 1809 daemones,
958 1766 1212 1801 idololatricam
1240 1781 1313 1801 esse
1336 1767 1544 1803 denuntias?
1572 1766 1703 1801 Nonne
1730 1775 1767 1801 tu
1797 1766 1911 1814 potius
1938 1765 2043 1800 idolo-

377 1828 461 1862 latra
489 1829 547 1863 esi*
574 1828 691 1876 Atque
714 1836 753 1862 ut
774 1828 955 1862 secretiora
983 1828 1159 1870 omittam,
1181 1836 1218 1862 tu
1240 1828 1370 1863 mundo
1392 1828 1555 1870 dcditus,
1579 1833 1613 1862 et
1640 1827 1817 1862 mundana
1845 1827 1948 1873 gloria
1978 1825 2041 1861 ela-

378 1897 432 1924 tus
446 1917 454 1931 ,
476 1898 513 1924 tu
539 1889 650 1924 carnis
673 1897 704 1922 et
726 1888 910 1936 voluptatis
931 1887 1163 1935 mancipium,
1185 1888 1250 1922 hoc
1280 1888 1475 1937 temporalis
1496 1889 1585 1922 vitae
1606 1887 1712 1935 spatio
1740 1895 1772 1921 et
1799 1887 2040 1935 praesentibus

376 1950 475 1984 1101115
502 1949 700 1984 felicitatem
726 1962 866 1983 omnem
893 1948 1096 1991 dimetiens,
1120 1948 1275 1997 nihilque
1304 1957 1439 1997 praeter
1467 1957 1603 1983 terrena
1631 1947 1746 1982 animo
1775 1947 1925 1994 agitans,
1945 1947 2038 1981 haud

376 2025 456 2045 vero
479 2025 537 2059 spe
560 2010 594 2044 111
614 2009 731 2044 Deum
753 2018 785 2043 et
806 2009 1003 2043 divinorum
1023 2008 1267 2043 mandatorum
1288 2009 1524 2044 olsservatione
1546 2008 1683 2055 gloriari
1700 2008 1837 2050 volens,
1855 2016 1892 2042 tu
1914 2007 1967 2041 his
1990 2006 2041 2041 in·

376 2086 479 2119 quam
501 2071 735 2106 materialibus
760 2070 968 2112 adhaerens,
989 2069 1161 2117 variisque
1192 2069 1440 2118 cupiditatibus
1468 2070 1651 2117 abreptus,
1672 2069 1859 2103 hereditate
1885 2067 2041 2103 caelestis

376 2133 472 2180 regni
501 2132 674 2174 excidisti,
697 2140 729 2166 ct
751 2131 791 2165 ad
813 2130 1026 2165 destinatum
1052 2131 1113 2164 tibi
1136 2130 1312 2177 gehennae
1340 2130 1458 2165 locum
1478 2130 1603 2164 divinis
1629 2129 1768 2164 iudiciis
1789 2128 2039 2164 amandaberis.

377 2193 565 2241 Propterea
596 2192 875 2227 Christianorum
902 2190 1107 2237 religionem
1135 2205 1296 2233 accusaS,
1326 2198 1360 2225 et
1387 2190 1636 2238 omnipotentis
1663 2189 1733 2225 Dei
1760 2189 1848 2224 vires
1877 2189 2039 2236 suffragio

378 2262 437 2288 tuo
460 2254 611 2287 infirmas
633 2267 704 2287 esse
727 2252 871 2294 definis,
891 2251 988 2299 quasi
1009 2251 1038 2285 is
1062 2265 1133 2285 non
1157 2251 1307 2299 potuerit
1327 2251 1369 2285 ab
1389 2251 1559 2286 idolorum
1582 2264 1697 2286 errore
1719 2250 1912 2285 humanum
1932 2263 2039 2297 genus

377 2314 537 2353 liberare:
558 2315 662 2362 idque
685 2314 772 2361 agis,
793 2321 831 2349 ut
850 2312 1028 2347 miseriam
1050 2321 1083 2347 et
1104 2312 1221 2346 odium
1240 2312 1409 2359 dogmatis
1429 2312 1482 2346 tui
1503 2320 1724 2360 praevertens
1745 2311 1909 2357 effugias,
1929 2319 2040 2345 tuam·

377 2389 442 2422 qne
471 2374 637 2426 malitiose
666 2374 893 2421 ignominiam
923 2373 1021 2408 celes.
1050 2373 1185 2408 Idcirco
1215 2372 1347 2407 Christi
1373 2372 1498 2415 vitem,
1523 2386 1628 2421 quam
1655 2386 1694 2407 ex
1718 2371 1948 2406 intellectuali
1973 2370 2040 2405 Ae·

379 2443 479 2482 gypto
500 2435 696 2477 transtulit,
718 2443 750 2469 et
770 2433 923 2469 latericio
945 2442 1167 2482 peccatorum
1193 2433 1285 2476 luto,
1308 2441 1410 2482 atque
1440 2433 1668 2468 invisibilibus
1689 2445 1833 2480 operum
1858 2431 2037 2479 praefectis

380 2496 531 2530 liberavit
562 2498 609 2542 (2)
626 2524 633 2537 ,
661 2510 723 2529 ceu
753 2510 831 2543 aper
858 2495 900 2529 de
928 2495 1008 2529 silva
1037 2495 1194 2537 vastasti,
1222 2503 1326 2543 atque
1355 2503 1395 2530 ut
1422 2494 1603 2541 singularis
1630 2494 1724 2528 ferus
1752 2492 1914 2541 depastus
1941 2506 1976 2527 es
2002 2493 2037 2528 *²2

379 2557 486 2592 nihilo
507 2558 623 2591 l'urens
643 2557 761 2591 minus
782 2570 885 2605 quain
906 2557 962 2591 ille
983 2557 1141 2592 adversus
1162 2557 1277 2591 Iacobi
1299 2556 1469 2605 populum
1491 2555 1593 2590 corde
1619 2549 1809 2590 obduratus
1837 2563 1871 2589 et
1891 2555 2037 2589 acerbus

377 2618 535 2653 laborum
563 2618 746 2664 imperator
773 2618 970 2664 aegyptius,
994 2617 1049 2652 101
1076 2617 1131 2651 ille
1161 2617 1305 2652 tetricus
1334 2616 1603 2665 tyrannicusque
1631 2615 1775 2663 dynasta
1800 2614 2036 2662 babylonicus.

456 2698 491 2726 (1)
511 2696 612 2729 Nempe
630 2697 722 2721 contra
743 2694 900 2721 canonicam
920 2694 1058 2730 regulam,
1078 2703 1130 2730 qna
1151 2695 1226 2722 laicis
1251 2694 1407 2721 hominibus
1430 2692 1568 2728 disputare
1587 2692 1620 2720 de
1639 2691 1738 2720 divinis
1761 2691 1934 2727 dogmatibus
1953 2692 2035 2720 inter-

378 2740 480 2767 dictum
501 2744 566 2766 erat.

457 2787 491 2814 ‹⁶2)
512 2784 542 2809 In
562 2791 656 2817 graeco
679 2783 782 2817 corrige
802 2783 962 2818 ἔληθε-’ἔωσεν
992 2785 1026 2810 Et
1048 2784 1157 2819 quidem
1181 2784 1261 2811 etiam
1287 2791 1312 2818 p.
1333 2786 1357 2809 2.
1379 2790 1401 2809 v.
1422 2786 1447 2809 6.
1469 2790 1482 2809 a
1504 2782 1550 2808 flu.
1572 2783 1707 2815 ἀξιοῦντες.
1728 2782 1833 2809 Potiora
1857 2782 1966 2817 quidem
1987 2789 2036 2809 nos

378 2828 474 2855 menda
490 2829 518 2854 in
534 2827 701 2861 marginibus
719 2827 938 2860 emendabimus3
955 2832 1074 2855 attamen
1089 2828 1218 2855 veriorem
1239 2827 1483 2863 interpunctionem
1499 2827 1528 2853 in
1544 2835 1640 2862 graeco
1658 2825 1824 2859 faciendam,
1840 2826 1925 2854 latina
1943 2830 2034 2853 nostra

378 2872 564 2906 interpretatio
583 2871 646 2898 satis
665 2870 870 2898 demonstrabit.
