2203 3331
574 198 738 221 anvifflsrs
762 194 1008 220 coxsnxnxmi
1034 194 1268 219 cornoxiaxttxi.
1703 183 1767 219 103

78 254 270 292 mationem
291 253 474 302 accipiant.
502 251 645 301 Duplex
666 253 772 300 igitur
792 266 809 287 a
831 259 926 300 patre
949 250 1029 285 heic
1052 250 1262 297 proponitur
1287 250 1482 298 adoptionis
1504 249 1634 286 modus,
1664 250 1763 285 Alius

82 317 178 352 enim
200 314 371 350 naturalis
391 327 563 362 verusque
585 313 736 355 dicitur,
755 313 816 361 qui
838 311 915 346 Deo
936 310 1053 345 Verbo
1078 310 1261 356 congruit3
1280 311 1412 358 quique
1435 312 1539 345 immo
1562 326 1607 346 ne
1628 311 1766 359 adoptio

81 377 227 425 quidem
255 375 316 411 sed
344 375 466 410 filiatio
488 374 597 421 magis
618 374 757 422 proprie
785 372 962 408 dicendus
993 379 1054 407 cst.
1082 370 1184 405 Alter
1207 380 1255 405 est
1280 371 1407 406 modus
1425 400 1431 413 ,
1452 387 1514 420 per
1541 372 1768 421 adoptionem

83 446 187 485 atque
210 436 374 483 gratiam,
395 436 456 484 qui
477 435 579 470 nobiS
601 434 823 469 credentibus
845 433 969 467 merito
991 431 1162 477 congruit.
1192 430 1381 476 Quomodo
1404 432 1508 478 igitur
1530 447 1563 467 se
1584 433 1683 467 habet
1712 447 1769 480 po-

85 497 211 532 sterior
237 496 363 531 modus
387 495 428 530 ad
449 495 626 544 priorem?
652 502 690 528 ut
710 493 896 540 imagines,
920 492 1057 540 inquit,
1080 491 1122 526 ad
1153 491 1387 539 archetypum.
1411 499 1434 512 ‘²
1461 492 1551 526 Nam
1572 493 1663 527 sicut
1687 494 1769 527 ima-

87 586 109 599 „
139 557 259 604 ginem
287 556 417 591 terreni
440 555 607 597 tulimus,
631 554 748 602 inquit
768 553 999 601 apostolicum
1020 552 1200 587 oraculum
1221 553 1259 593 *ἦ
1284 552 1330 585 sic
1354 552 1459 586 etiam
1485 552 1671 599 imaginem
1695 568 1769 588 cae·

88 646 110 654 .,
138 617 233 651 lestis
258 618 413 652 feramus.
438 644 461 659 „
482 615 524 650 Id
553 614 645 663 quod
669 622 703 649 et
725 614 795 662 ipse
817 614 941 648 beatus
963 613 1019 647 hic
1044 611 1199 660 Cyrillus
1220 612 1303 646 alibi
1328 612 1508 647 manifeste
1532 613 1577 647 ita
1599 614 1768 648 disserens

84 678 170 712 dicit
195 679 258 719 (ι’).
281 684 304 698 “
330 676 454 722 Quum
480 675 635 710 animalis
664 675 766 709 homo
793 673 835 708 ad
865 673 1126 722 improbitatem
1153 672 1365 714 declinaret,
1388 681 1422 707 et
1449 673 1602 720 adoptivi
1631 675 1769 722 peccati

89 767 110 781 Ἠ
140 747 282 786 propter
304 737 546 772 omnimodum
576 735 690 770 carnis
717 735 887 769 affectum
915 734 1035 768 morbo
1064 733 1255 778 laboraret3
1280 746 1381 767 suam
1410 733 1451 766 ad
1478 733 1630 768 divinam
1655 735 1770 781 imagi-

87 829 110 842 .,
139 812 222 833 nem
250 797 582 839 conformationem,
606 796 844 843 insertumque
866 795 931 830 sibi
952 795 1062 829 instar
1090 794 1190 841 sigilli
1220 793 1395 842 Spiritum
1422 793 1575 841 depulit,
1596 803 1699 842 atque
1723 795 1770 829 ita

89 888 110 901 .,
140 858 377 906 corruptibilis
398 871 438 892 ac
460 856 625 891 deformis
647 856 818 904 apparuit.
848 855 1040 903 Postquam
1060 868 1141 889 vero
1163 854 1322 889 omnium
1345 863 1482 889 creator
1504 854 1693 889 restituere
1714 869 1771 890 ro-

87 948 109 961 .,
138 920 204 953 luit
233 919 267 953 in
298 917 535 964 integritatem
555 931 592 952 ac
614 917 898 965 pulcritudinem
923 924 1082 950 veterem
1109 915 1146 949 id
1176 915 1272 963 quod
1302 914 1384 949 olim
1412 915 1604 957 exciderat,
1628 915 1771 951 immisit

86 1008 108 1021 .,
138 980 269 1014 iterum
291 979 322 1013 ei
345 979 442 1013 illum
464 978 526 1026 qui
548 977 632 1013 olim
652 986 844 1012 recesserat
865 977 1025 1011 divinum
1045 985 1282 1024 sanctumque
1306 975 1501 1023 Spiritum,
1523 976 1698 1024 praeclare
1720 977 1770 1011 sic

86 1068 108 1082 „
137 1040 173 1073 in
197 1038 516 1086 supramundanam
545 1038 736 1085 imaginem
762 1037 944 1072 homInem
969 1045 1208 1078 commutans,
1230 1044 1332 1084 atque
1362 1036 1405 1070 ita
1437 1049 1518 1070 eum
1549 1050 1769 1084 eomparanS,

86 1128 108 1141 ..,
139 1108 179 1134 ut
208 1100 315 1148 possit
342 1114 404 1147 per
430 1099 531 1134 illum
559 1099 597 1134 ad
630 1112 728 1134 suam
753 1113 819 1134 nos
847 1099 1036 1134 reformare
1066 1097 1342 1132 similitudinem.
1371 1125 1392 1139 ‚,
1420 1095 1526 1142 Quod
1555 1106 1674 1132 autem
1701 1112 1771 1133 om-

82 1160 186 1194 nium
207 1160 355 1194 validius
379 1168 447 1202 est,
468 1173 590 1194 rursus
612 1159 708 1194 idem
728 1159 914 1206 magister,
934 1159 983 1193 ait
1005 1158 1042 1192 in
1064 1159 1175 1192 forma
1194 1156 1264 1192 Dei
1286 1171 1355 1192 esse
1377 1157 1500 1194 filium.
1524 1157 1768 1207 Fumdemquc

83 1220 271 1265 imaginem
301 1227 334 1254 et
359 1220 594 1254 characterem
622 1233 739 1254 sacrae
768 1219 902 1253 litterae
931 1218 1055 1253 dicunt
1082 1218 1186 1265 patris
1214 1217 1279 1252 sui.
1308 1217 1482 1264 Imagines
1509 1227 1623 1253 autem
1651 1227 1690 1253 ut
1718 1233 1769 1254 ar-

81 1279 229 1327 chetypa
257 1287 350 1314 sunt.
380 1278 476 1325 Quid
497 1279 539 1313 ad
561 1280 646 1313 haee
668 1279 963 1327 respondebunt?
991 1278 1120 1312 Nonne
1150 1278 1235 1312 hinc
1262 1277 1442 1311 discedent
1469 1279 1624 1325 coarguti
1650 1288 1682 1314 et
1708 1294 1770 1327 pu-

82 1339 236 1375 defacti?
262 1340 448 1385 Quantum
469 1339 562 1374 enim
584 1340 735 1387 pertinet
757 1339 799 1374 ad
825 1339 1014 1386 theologiae
1036 1338 1211 1373 rationem
1226 1367 1233 1380 ,
1258 1351 1333 1372 eam
1360 1338 1500 1372 tradidit
1524 1339 1666 1376 dicens:
1689 1341 1769 1375 ima—

84 1401 201 1447 ginem
227 1414 302 1434 esse
331 1400 499 1447 genitoris
528 1400 661 1443 silium,
684 1401 779 1435 iuxta
801 1400 956 1435 effatum.
987 1398 1173 1445 Quantum
1199 1413 1279 1433 vero
1307 1398 1442 1434 adtinet
1471 1400 1514 1434 ad
1543 1414 1769 1436 communem

84 1461 275 1503 rationem,
298 1474 508 1509 omnemque
531 1460 725 1508 imaginum
746 1461 909 1503 modum,
930 1460 966 1495 id
987 1461 1174 1495 verborum
1196 1459 1437 1495 additamento
1460 1460 1619 1504 denotat,
1642 1462 1768 1510 plurali

84 1529 189 1556 utens
212 1535 362 1556 numero
383 1521 599 1570 dIcensque:
623 1522 792 1568 imagines
813 1529 933 1556 autem
955 1529 996 1555 ut
1018 1521 1212 1569 archetypa.
1235 1519 1330 1555 Num
1353 1528 1385 1554 et
1406 1520 1470 1554 hoc
1494 1522 1703 1556 vocabulum
1726 1523 1768 1557 ad

84 1581 221 1616 divinae
243 1590 390 1616 naturae
412 1581 683 1630 descriptionem
704 1581 893 1616 adsument
914 1582 949 1615 hi
971 1581 1169 1623 dementes,
1189 1589 1229 1615 ut
1251 1580 1368 1628 plures
1390 1580 1458 1614 iam
1477 1581 1565 1616 filios
1583 1591 1768 1631 patresque

84 1641 273 1683 inducant,
293 1650 327 1676 ct
347 1642 618 1689 polytheismum
642 1643 899 1690 profiteantur?
921 1641 1003 1677 Non
1027 1641 1121 1676 enim
1142 1641 1271 1687 imago,
1288 1641 1394 1683 dicit,
1413 1641 1474 1676 sed
1496 1642 1663 1689 imagines
1686 1653 1769 1679 sunt

83 1709 121 1736 ut
150 1702 354 1749 arclietypa;
380 1702 428 1736 sic
455 1702 726 1737 similitudinem
749 1703 853 1737 simul
878 1702 1235 1750 convenientiamque
1261 1702 1512 1738 demonstrans.

188 1763 244 1797 32.
274 1761 369 1807 Quid
396 1762 461 1797 hoc
489 1763 709 1797 manifestius
738 1772 799 1797 aut
827 1763 1028 1798 evidentius
1058 1762 1098 1797 ad
1126 1761 1341 1810 propositam
1370 1763 1470 1797 nobis
1498 1765 1769 1811 quaestionem?

84 1821 159 1856 Nisi
187 1823 276 1857 sorte
305 1822 371 1857 illis
399 1831 576 1858 excaecata
604 1837 744 1871 prorsus
772 1837 873 1858 mens
903 1832 975 1866 est,
1000 1823 1200 1871 mentisque
1230 1823 1351 1858 oculus
1377 1824 1639 1860 obtenebratus.
1669 1825 1767 1871 Quid

82 1895 163 1928 ergo
191 1882 232 1916 ad
259 1883 344 1917 haec
372 1883 497 1918 dicent
525 1883 580 1917 isti
609 1884 652 1918 ab
680 1883 871 1932 adoptione
901 1884 1015 1918 dixina
1046 1883 1177 1919 alieni?
1206 1883 1303 1918 Num
1325 1884 1442 1918 oculos
1468 1893 1588 1920 contra
1612 1894 1680 1920 tam
1704 1886 1768 1921 cla-

82 1955 161 1977 rum
188 1943 434 1992 lucentemque
462 1944 616 1979 veritatis
646 1944 871 1992 splendorem
898 1945 1311 1992 poterunt“obfirmareE'
1340 1944 1397 1979 An
1427 1955 1605 1993 opponent
1624 1961 1711 1981 vana
1736 1956 1769 1982 ct

80 2003 313 2037 abominanda
335 2018 375 2039 ex
397 2005 534 2052 impuro
558 2019 618 2040 suo
642 2004 793 2053 Deoque
822 2005 947 2039 odibili
975 2013 1129 2040 eructata
1155 2006 1258 2039 corde
1283 2005 1536 2042 deliramenta?
1564 2007 1768 2043 Admittunt

83 2077 127 2098 ne
152 2063 322 2099 (livinitus
345 2065 476 2112 prolata
497 2066 621 2118 ver-ba,
644 2079 688 2099 an
711 2065 916 2112 magistrum
937 2067 1123 2101 recusant?
1146 2065 1184 2100 Si
1208 2080 1280 2100 non
1302 2066 1509 2109 admittunt,
1532 2068 1600 2102 iam
1620 2069 1703 2104 hinc
1727 2070 1767 2104 iis

81 2125 266 2159 conficitur
294 2139 312 2159 a
342 2125 474 2160 Christi
504 2126 583 2160 ovili
612 2126 785 2162 alienatio.
817 2126 884 2161 Sin
913 2126 1129 2169 admittunt,
1154 2127 1363 2161 alterutrum
1391 2127 1432 2162 de
1460 2128 1597 2164 duobus
1625 2143 1766 2166 necesse

82 2194 154 2230 est3
178 2199 304 2234 nempe
326 2186 378 2220 vel
399 2186 595 2233 imaginum
624 2187 814 2230 rationem,
839 2196 945 2236 prout
969 2202 1003 2222 se
1026 2189 1157 2222 liabent
1179 2188 1222 2222 ad
1249 2189 1456 2237 archetypa,
1478 2190 1661 2225 nobiscum
1688 2206 1767 2227 con-

82 2246 248 2280 fiteantur
263 2275 270 2289 ,
293 2255 398 2295 atque
421 2247 463 2281 ob
486 2247 519 2281 id
542 2246 687 2282 Domini
709 2262 849 2296 quoque
880 2249 1072 2295 imaginem
1099 2257 1204 2297 atque
1232 2258 1430 2284 sanctorum
1455 2251 1640 2287 nobiscum
1666 2267 1767 2288 vene-

82 2306 149 2340 rari
178 2307 365 2354 patiantur.
390 2307 457 2342 Vel
479 2308 666 2356 adoptione
690 2308 806 2343 divina
829 2310 1008 2344 manifeste
1035 2310 1275 2358 expellentur,
1297 2324 1402 2358 quam
1424 2326 1485 2359 per
1506 2322 1667 2349 sanctum
1690 2313 1767 2363 Spi-

80 2367 187 2401 ritum
216 2368 252 2401 in
280 2368 397 2402 divino
426 2369 562 2403 lavacro
592 2369 708 2417 adepti
736 2370 886 2415 suimusg
913 2378 1048 2405 etcum
1071 2370 1210 2405 Iudaeis
1232 2378 1332 2418 atque
1362 2372 1513 2407 ethnicis
1543 2373 1767 2410 collocabun-

80 2435 157 2474 turg
182 2428 356 2476 siquidem
377 2443 479 2477 quam
501 2430 630 2464 habent
650 2430 802 2465 invicem
823 2431 1016 2478 praedictae
1046 2431 1216 2478 imagines
1241 2433 1524 2468 communionem
1548 2435 1767 2471 relationem-

82 2502 152 2535 que
181 2503 253 2523 non
279 2490 491 2526 concedunt.
522 2490 623 2526 Perit
645 2493 737 2526 enim
759 2492 842 2539 ipsis
863 2492 1056 2540 baptismus
1070 2520 1078 2535 ,
1101 2492 1270 2526 desinunt
1292 2506 1362 2527 esse
1385 2494 1479 2528 iuxta
1501 2496 1665 2530 creatoris
1686 2497 1768 2531 ima-

85 2549 220 2594 ginem3
241 2549 387 2584 decidui
411 2559 445 2585 ct
469 2551 574 2585 eiecti
604 2565 700 2586 sacro
725 2551 853 2586 Christi
882 2553 1033 2587 filiorum
1063 2566 1168 2599 grego
1191 2552 1228 2586 in
1251 2562 1428 2600 posterum
1457 2564 1572 2591 erunt.
1600 2555 1676 2591 Hoc
1704 2558 1765 2591 sibi

85 2608 365 2644 emolumentum
385 2624 427 2645 ex
449 2610 577 2645 iniuria
599 2611 762 2646 adversus
783 2626 896 2647 sacras
919 2612 1086 2659 imagines
1108 2620 1275 2647 curarunt
1296 2613 1422 2650 miScri.
1452 2614 1686 2664 Summopere
1709 2631 1767 2651 au—

83 2676 154 2702 tem
173 2669 338 2705 demirari
366 2671 428 2706 lios
450 2672 575 2706 merito
603 2672 687 2707 hinc
708 2686 897 2720 possumus
911 2702 918 2715 ,
942 2673 979 2707 in
1000 2682 1176 2721 quantum
1205 2673 1375 2709 stultitiae
1403 2676 1645 2724 amentiaeque
1665 2691 1767 2711 vene-

81 2728 170 2771 rint,
196 2740 467 2766 consentaneam
491 2732 658 2780 improbis
686 2734 781 2768 sactis
808 2734 878 2768 suis
906 2734 1034 2768 mentis
1060 2748 1200 2782 quoque
1228 2735 1438 2770 sententiam
1462 2736 1635 2771 habentes

162 2817 197 2846 (t)
216 2815 408 2849 Quaerendum
429 2818 479 2844 erit
500 2826 547 2853 per
565 2818 650 2846 otium
672 2819 705 2846 de
725 2819 777 2847 hoc
797 2819 892 2855 Cyrilli
914 2824 1018 2853 tractu;
1038 2828 1102 2847 nain
1122 2824 1194 2848 certe
1213 2820 1286 2855 apud
1306 2829 1354 2848 nos
1374 2821 1401 2848 in
1422 2822 1625 2849 commentariis
1644 2821 1764 2849 eiusdem

80 2857 114 2883 ad
135 2857 238 2885 dictum
261 2861 337 2888 Pauli
358 2861 465 2895 locuni,
486 2871 542 2890 non
563 2864 691 2890 occurrit.

1626 2922 1657 2945 14

1806 573 1814 579 '
1828 571 1843 590 1.
1856 571 1908 590 (tuin
1919 570 1966 590 ΧΥ,
1983 575 2012 591 Ν.

1805 634 1821 651 (i

1826 639 1843 652 ι’.
1859 639 1880 658 Ι).
1897 636 1928 652 'Vn
