2203 3331
156 1115 166 1124 ¹
182 1116 197 1135 1.
213 1115 265 1136 Cor.
283 1115 322 1135 XI.
337 1118 356 1136 3.

169 1179 175 1186 ·
193 1177 274 1204 t'pties.
291 1178 307 1199 1.
326 1181 355 1199 Π.

170 1785 178 1796 ’
195 1783 277 1811 Philip.
294 1785 320 1805 Π.
335 1787 355 1804 ⁹.
397 1799 419 1812 7,

162 1904 172 1915 ’
187 1903 275 1924 coloss.
292 1904 319 1924 ΙΙ.
336 1907 355 1924 9.

260 1967 268 1976 '
285 1971 304 1985 ι.
323 1968 353 1985 l‹¹.

147 2028 155 2037 ⁸
170 2026 252 2052 imbrs,
269 2027 304 2046 ΙΥ.
323 2030 354 2048 Ιᾷ.

399 188 469 221 ¹208
1001 195 1029 218 S.
1058 195 1232 219 NtCEPuonl
1259 193 1497 218 APOLOGJiTlct'S

402 284 424 290 ,,
454 253 512 287 eui
542 250 719 285 Dominus
749 250 889 284 sabaoth
916 250 1138 286 benedixerit
1167 251 1306 286 dicens:
1329 250 1540 285 benedictus
1569 250 1637 284 erit
1664 250 1814 298 populus
1842 264 1942 286 meus
1964 250 2002 287 in
2023 252 2094 288 Ae-

402 344 423 357 „
453 321 579 361 gypto,
602 319 634 345 ct
660 311 694 345 in
723 310 895 359 Assyriis,
919 320 954 346 et
982 312 1155 347 hereditas
1178 325 1253 346 mea
1276 310 1418 346 Israhel.
1445 339 1468 353 ,‚
1491 310 1587 346 Nam
1615 311 1879 359 praedictorum
1909 326 2093 348 enumera—

399 375 521 410 tione,
548 380 753 406 vocatarum
782 372 943 418 gentium
970 373 1011 407 ad
1041 386 1174 407 sacram
1207 372 1403 407 doctrinam
1434 371 1697 419 pleniludinern
1724 387 1836 408 sermo
1865 374 2092 422 propheticus

397 433 616 481 significavit.
644 432 829 468 Postremo
859 433 957 476 loco,
988 434 1022 468 id
1052 442 1099 468 cst
1132 434 1273 476 tertius,
1302 433 1433 467 lsrahel
1462 432 1676 476 collocatur,
1703 433 1786 481 quia
1816 435 1951 469 etiamsi
1979 435 2091 470 multo

397 495 535 529 eminus
553 523 560 537 ,
590 503 624 529 et
652 509 692 528 ex
722 494 834 529 aliena
862 495 1077 543 barbaraque
1106 495 1247 541 regione
1279 496 1459 542 profectus
1488 502 1562 537 est,
1591 494 1823 530 nihilominus
1851 505 2092 544 praeoccupat

398 570 480 591 eum
502 555 665 603 Assyrius
680 584 687 597 ,
708 555 944 604 praeripitque
969 557 1002 590 in
1027 556 1211 591 Christum
1232 556 1336 590 fidem
1351 584 1358 598 ,
1383 555 1607 603 corporaliter
1630 555 1747 590 adhuc
1771 555 1990 592 infantulum
2013 557 2093 592 ado-

397 625 513 651 ratum
534 616 780 664 duriorumque
803 630 976 659 numero,
1000 616 1297 651 intellecttmlibus
1321 616 1395 651 eius
1417 625 1450 651 ct
1474 616 1752 664 contemplativis
1776 617 1903 651 officiis
1927 618 2023 665 pari,
2045 619 2093 652 as-

396 679 539 712 l'ectum.
564 676 757 711 Secundus
779 676 974 725 .*Xegyptius
996 677 1177 720 succedit,
1196 677 1366 723 fugientis
1388 677 1540 712 adventu
1560 677 1839 725 superstitiosum
1859 691 2014 712 errorem
2035 678 2093 713 de-

308 754 358 772 .·2.
397 738 542 786 pellens.
571 737 654 772 Post
682 752 788 786 quem
817 738 941 772 tertius
970 737 1121 779 Israhel,
1145 746 1179 772 et
1207 737 1350 786 quidem
1380 752 1397 772 a
1424 738 1648 785 praedicante
1675 746 1841 781 vocatus,
1865 738 2093 786 quemadmo-

396 800 482 834 dum
508 799 610 833 nobis
640 799 859 833 tradiderunt
885 798 945 846 qui
971 798 1147 845 evaugeha
1173 798 1342 846 scripsere
1367 799 1517 847 apostoli
1542 798 1700 834 Domini.

499 861 558 906 [45.
586 861 659 907 Age
688 874 770 894 vero
793 860 844 893 his
864 859 997 893 adfinia
1025 868 1129 907 atquc
1159 859 1296 894 aemula
1320 874 1392 894 esse
1415 860 1609 908 apostolica
1637 861 1873 903 documenta,
1897 860 2093 910 eademque

395 921 503 955 veluti
531 921 584 955 via
614 920 832 962 insistentia,
855 919 956 954 facile
985 933 1264 966 cognoscemus3
1291 920 1387 955 credi
1413 920 1580 956 videlieet
1609 920 1831 956 Servatorem
1859 922 2025 969 gentibus
2054 922 2090 957 id

397 991 449 1016 est
479 981 648 1016 ecclesiae
679 981 839 1028 gentium
868 994 1045 1028 praeesse,
1074 980 1221 1028 eiusque
1250 989 1355 1028 caput
1383 995 1477 1025 esse,
1507 996 1546 1016 ae
1575 982 1651 1017 sine
1681 982 1793 1017 dubio
1822 991 1980 1031 oportere
2009 996 2092 1018 eum

396 1056 540 1089 regnare.
563 1042 678 1076 donec
701 1050 807 1089 ponat
828 1041 992 1075 inimicos
1014 1054 1095 1075 suos
1119 1040 1311 1076 scabellum
1331 1042 1463 1089 pedum
1485 1056 1652 1085 suorum,
1675 1051 1710 1078 et
1738 1044 1837 1090 regni
1865 1043 2017 1078 heredes
2046 1044 2093 1078 es-

394 1104 489 1138 ficiat
519 1103 579 1151 qui
602 1103 637 1136 in
660 1116 741 1137 euni
770 1102 997 1150 speraverint.
1025 1100 1131 1136 Dicet
1153 1102 1271 1150 itaque
1294 1102 1517 1150 primipilaris
1541 1103 1653 1138 veluti
1675 1104 1838 1150 gentium
1859 1104 2032 1152 apostolus
2056 1105 2093 1140 *ἦ

394 1171 416 1185 “
449 1163 522 1197 volo
551 1177 607 1197 vos
637 1162 751 1204 scire,
776 1162 888 1196 omnis
915 1162 981 1196 viri
1010 1171 1118 1210 caput
1149 1175 1222 1197 esse
1253 1161 1433 1197 Christum
1461 1164 1488 1197 ᾗ.
1517 1162 1561 1197 Et
1589 1177 1730 1199 rursus:
1756 1173 1797 1199 ut
1824 1163 1926 1199 Deus
1955 1163 2091 1198 domini

396 1253 418 1267 ἣ,
450 1224 560 1258 nostri
582 1223 660 1258 lesu
686 1222 837 1265 Christi,
860 1231 957 1271 pater
979 1223 1110 1270 gloriae
1124 1252 1132 1265 ,
1154 1223 1216 1258 det
1235 1223 1331 1258 vobis
1352 1223 1515 1272 spiritum
1539 1224 1729 1272 sapientiae
1752 1233 1787 1259 et
1808 1224 2030 1259 revelationis
2051 1225 2091 1259 in

396 1314 419 1328 ‚,
448 1284 628 1331 agnitione
659 1285 756 1330 eiusg
780 1284 993 1319 illuminatos
1016 1284 1137 1319 oculos
1160 1285 1278 1319 cordis
1299 1285 1426 1327 vestri,
1449 1293 1490 1320 ut
1517 1285 1634 1320 sciatis
1662 1299 1749 1334 quae
1771 1285 1815 1320 sit
1838 1299 1913 1333 spes
1940 1285 2093 1320 vocatio-

396 1374 417 1388 ,.
446 1346 500 1379 nis
529 1345 627 1388 cius,
651 1353 683 1379 et
710 1358 798 1393 quae
827 1344 967 1380 divitiae
997 1345 1125 1392 gloriae
1154 1345 1357 1380 hereditatis
1383 1346 1458 1380 eius
1487 1345 1525 1380 in
1556 1346 1694 1382 sanctis.
1723 1345 1769 1380 Et
1797 1360 1886 1394 quae
1909 1345 1951 1380 sit
1972 1360 2092 1394 super-

395 1435 417 1448 „
448 1405 609 1440 eminens
637 1405 843 1452 magnitudo
871 1405 1012 1440 virtutis
1041 1406 1118 1440 eius
1148 1406 1184 1440 in
1212 1420 1298 1448 nos,
1324 1406 1387 1455 qui
1417 1405 1593 1441 credimus
1623 1406 1823 1442 seeundum
1850 1407 2092 1454 operationem

396 1496 418 1510 „
447 1467 623 1515 potentiae
644 1466 786 1501 virtutis
809 1466 905 1509 eius,
928 1479 1034 1515 quam
1056 1475 1223 1514 operatus
1247 1475 1296 1502 est
1318 1467 1355 1501 in
1381 1466 1544 1510 Christo,
1566 1467 1739 1502 suscitans
1761 1467 1864 1502 illum
1883 1481 1901 1501 a
1922 1467 2091 1511 mortuis,

397 1556 419 1570 „
449 1536 483 1562 et
514 1528 739 1562 constituens
767 1527 810 1561 ad
840 1527 1016 1562 dexteram
1045 1541 1145 1562 suam
1172 1528 1209 1562 in
1238 1528 1467 1571 caelestibus,
1489 1542 1591 1576 supra
1619 1542 1763 1563 omnem
1791 1528 2030 1576 principatum
2058 1536 2092 1562 et

395 1616 418 1630 ,‚
448 1596 654 1636 potestatem
683 1596 717 1622 et
744 1587 913 1622 virtutem
935 1596 969 1623 et
991 1588 1291 1631 dominationem,
1315 1597 1348 1623 et
1369 1602 1472 1623 omne
1500 1602 1631 1623 nomen
1660 1588 1757 1637 quod
1784 1589 1991 1623 nominatur
2017 1602 2090 1623 non

396 1677 418 1691 „
449 1649 564 1683 solum
585 1649 621 1683 in
644 1649 710 1683 hoc
732 1648 892 1691 saeculo,
915 1648 975 1683 sed
998 1649 1103 1683 etiam
1125 1648 1162 1682 in
1183 1649 1316 1684 futuro.
1338 1648 1403 1691 Et,
1425 1649 1542 1683 omnia
1564 1649 1714 1683 subiecit
1737 1649 1802 1683 sub
1823 1648 1972 1696 pedibus
1994 1648 2090 1691 eius,

396 1738 418 1749 .,
447 1718 481 1744 et
508 1709 621 1757 ipsum
643 1709 738 1743 dedit
762 1718 868 1757 caput
897 1723 1002 1757 supra
1031 1723 1172 1744 omnem
1201 1709 1403 1752 eeclesiam,
1426 1723 1513 1758 quae
1543 1718 1592 1744 est
1621 1723 1749 1757 eorpus
1772 1709 1902 1757 ipsius,
1924 1717 1959 1743 et
1981 1708 2092 1757 pleni-

449 1770 535 1805 tudo
564 1770 658 1811 cius,
680 1770 743 1818 qui
772 1770 890 1804 omnia
918 1770 956 1804 iu
985 1770 1148 1805 omnibus
1171 1770 1348 1818 adimplet.
1377 1770 1423 1805 Et
1450 1772 1490 1814 ²¹³¹,
1513 1770 1594 1819 quia
1623 1769 1722 1805 Deus
1750 1783 1831 1805 eum
1858 1770 2091 1818 superexalta-

397 1860 419 1873 „
447 1831 518 1874 vit,
540 1831 707 1880 deditque
732 1831 763 1866 ei
786 1845 917 1867 nomen
947 1846 1052 1879 super
1080 1845 1182 1867 omne
1205 1845 1358 1875 nomen,
1382 1841 1420 1867 ut
1448 1832 1484 1866 in
1507 1832 1651 1867 nomine
1673 1831 1757 1866 Iesu
1782 1845 1886 1866 omne
1909 1846 2001 1878 genu
2030 1832 2092 1866 fle-

397 1920 418 1933 „
450 1901 568 1927 etatur
596 1892 824 1935 caelestium,
846 1893 1065 1927 terrestrIum
1080 1921 1088 1936 ,
1110 1901 1143 1928 et
1165 1892 1394 1928 infernorum.
1423 1892 1469 1927 Et
1489 1894 1528 1935 ³²,
1551 1893 1587 1927 in
1609 1893 1685 1941 ipso
1713 1892 1848 1927 habitat
1876 1892 1992 1927 omnis
2019 1893 2091 1940 ple-

395 1982 416 1995 „
445 1953 574 1988 nitudo
596 1953 785 1988 divinitatis
807 1954 1044 2002 corporaliter.
1067 1953 1111 1988 Et
1133 1955 1150 1974 ἀ
1172 1954 1252 1988 estis
1276 1954 1313 1988 in
1336 1953 1394 1988 illo
1416 1954 1559 2002 repleti,
1579 1954 1641 2002 qui
1663 1962 1715 1993 est
1739 1961 1844 2002 caput
1864 1953 1975 1987 omnis
1995 1953 2090 2001 prin-

395 2043 417 2055 „
447 2015 585 2062 cipatus
608 2023 643 2049 et
664 2015 852 2062 potcstatis.
882 2014 926 2049 Et
954 2015 1072 2049 denuo
1101 2016 1135 2051 *ἢ
1159 2015 1338 2054 veritatem
1366 2023 1485 2049 autem
1511 2015 1684 2050 facientes
1708 2015 1743 2048 in
1771 2014 1933 2056 caritate,
1956 2028 2091 2049 cresca-

395 2103 417 2117 „
447 2088 524 2109 mus
547 2074 583 2108 in
605 2074 662 2109 illo
685 2089 746 2122 per
769 2075 903 2113 omnia.
922 2075 985 2123 qui
1007 2083 1058 2109 est
1080 2084 1184 2124 caput
1208 2074 1391 2121 Christusg
1414 2089 1454 2109 ex
1475 2089 1545 2123 quo
1570 2083 1684 2109 totum
1709 2088 1838 2122 corpus
1863 2083 2088 2122 compactum

396 2163 418 2177 ‚,
446 2143 477 2169 et
506 2148 710 2170 connexum
738 2150 801 2184 per
829 2149 971 2170 omnem
999 2136 1206 2170 iuncturam
1234 2135 1593 2178 subministrationis,
1620 2135 1818 2170 seeundum
1845 2134 2088 2183 operationem

397 2223 418 2237 „
448 2196 486 2229 in
515 2209 721 2231 mensuram
748 2196 1032 2245 uniuscuiusque
1068 2197 1214 2231 membri
1243 2206 1476 2243 augmentum
1511 2197 1666 2244 corporis
1700 2197 1784 2231 facit
1812 2196 1848 2230 in
1879 2195 2088 2231 aedificatio-

396 2284 418 2297 „
448 2270 529 2290 nem
557 2257 611 2291 sui
641 2257 676 2291 in
707 2258 858 2295 caritate,
888 2257 932 2292 Et
960 2259 1086 2292 iterum
1115 2259 1150 2293 *ἢ
1175 2258 1257 2306 quia
1285 2257 1336 2292 vir
1366 2266 1468 2306 caput
1496 2258 1676 2299 mulieris,
1700 2257 1745 2292 ita
1774 2265 1809 2292 et
1841 2256 2005 2291 Christus
2033 2270 2087 2291 ee-

396 2344 418 2358 „
449 2316 572 2351 clesiae
603 2325 718 2365 caput.
748 2347 769 2361 „

496 2376 688 2425 Postquam
716 2378 837 2427 itaque
861 2388 964 2427 caput
987 2387 1019 2414 et
1042 2379 1186 2414 initium
1208 2380 1368 2414 omnium
1397 2379 1548 2413 ostendit
1577 2393 1648 2413 esse
1673 2378 1855 2414 Christum
1883 2391 1980 2413 sacer
2006 2391 2085 2426 apo·

392 2436 518 2479 stolus,
548 2452 736 2487 regemque
766 2440 1011 2475 universorum
1038 2441 1311 2483 demonstravit,
1340 2439 1470 2475 deinde
1498 2440 1640 2475 inducit
1668 2440 1826 2474 eundem
1857 2439 2085 2474 credentibus

143 2510 153 2520 ’
170 2510 231 2530 mm
254 2511 301 2530 mu.
318 2513 350 2531 εε,
390 2513 534 2547 quoque
557 2499 593 2533 in
618 2500 732 2547 ipsum
747 2529 754 2542 ,
776 2501 986 2547 largientem
1008 2515 1178 2544 reffnum,
1199 2502 1263 2537 ubi
1286 2502 1333 2536 ait
1356 2503 1392 2537 ¹¹²:
1415 2508 1437 2522 ‘⁶
1462 2501 1580 2549 itaque
1605 2513 1754 2547 regnum
1777 2499 1956 2534 immobile
1978 2499 2087 2534 susei-

157 2629 169 2637 ”
182 2631 189 2647 t
200 2628 219 2647 -›!
228 2634 266 2648 Jn.
286 2629 301 2649 l.
321 2631 350 2650 12.

204 2810 244 2824 πυ
291 2812 305 2831 n

231 2873 259 2890 (α’
335 2877 344 2893 J

1047 2528 1064 2549 e

393 2588 415 2601 „
445 2559 602 2607 pientes,
626 2561 793 2595 habemus
815 2561 961 2607 gratiam
976 2591 983 2605 ,
1005 2576 1066 2610 per
1093 2575 1199 2610 quam
1227 2562 1420 2597 serviamus
1440 2561 1620 2610 placentes
1643 2560 1721 2595 Deo
1745 2573 1828 2595 eum
1856 2568 1953 2594 metu
1980 2568 2013 2594 et
2035 2574 2086 2594 re-

393 2648 415 2662 ,‚
444 2621 608 2655 verentia.
638 2620 683 2655 Et
710 2622 747 2663 ἡ,
771 2621 894 2668 gratias
915 2631 1055 2668 agentes
1078 2622 1154 2656 Deo
1184 2623 1294 2670 patri,
1318 2623 1380 2671 qui
1408 2622 1550 2657 idoneos
1571 2635 1634 2656 nos
1655 2620 1739 2655 fecit
1767 2621 1802 2654 in
1824 2629 1955 2668 partem
1983 2620 2087 2655 sortis

394 2709 416 2723 .,
446 2689 651 2716 sanctorum
674 2681 710 2715 in
732 2681 888 2727 lumineg
913 2683 974 2731 qui
997 2684 1129 2731 eripuit
1159 2698 1222 2718 nos
1249 2684 1293 2718 de
1321 2691 1490 2732 potestate
1523 2683 1768 2723 tenebrarum,
1791 2690 1823 2715 et
1846 2681 2028 2716 transtulit
2049 2682 2085 2715 in

393 2770 415 2783 ,,
444 2756 594 2789 regnum
617 2743 681 2778 filii
702 2743 901 2777 dilectionis
931 2757 1013 2779 suae
1028 2773 1035 2787 ,
1058 2745 1093 2779 in
1123 2759 1193 2793 quo
1222 2746 1389 2780 habemus
1418 2744 1723 2792 redemptionem,
1746 2743 1987 2778 remissionem
2008 2757 2086 2790 pec-

393 2831 414 2841 „
446 2813 614 2840 catorum.
638 2833 661 2847 „
682 2803 733 2839 Ut
763 2813 881 2839 autem
908 2804 970 2839 filii
999 2806 1103 2841 simul
1126 2816 1160 2841 et
1181 2808 1305 2841 fratres
1328 2815 1361 2841 et
1383 2805 1548 2847 heredes,
1573 2804 1847 2839 animadvertere
1875 2804 2047 2838 debemus
2068 2805 2086 2824 ᾗ

392 2872 412 2882 “·
446 2864 554 2899 sicuti
583 2878 681 2900 nunc
710 2865 900 2900 revelatum
929 2874 979 2900 est
1010 2867 1139 2901 sanctis
1168 2867 1331 2914 apostolis
1353 2875 1386 2901 et
1407 2865 1586 2914 prophetis
1617 2865 1652 2900 in
1684 2864 1844 2913 Spiritu,
1867 2873 1985 2912 gentes
2011 2878 2085 2898 esse
