2203 3331
650 238 814 260 Atu'ssnsrs
841 236 1086 260 coxsrmnxrm
1114 235 1348 258 coritoxmnzu.
1802 226 1847 259 ,43

157 298 264 333 Certe
291 296 320 331 si
345 294 431 344 quid
458 293 499 328 ad
528 294 785 328 humanitatem
811 293 990 341 pertinens
1017 291 1302 332 subtraheretur,
1326 291 1459 326 nedum
1482 292 1531 325 rei
1560 291 1761 338 integritas,
1785 292 1846 326 sed

154 373 200 393 ne
221 371 274 392 res
299 356 442 405 quidem
470 355 614 390 omnino
643 355 776 403 reliqna
804 355 900 388 soret.
930 351 1118 398 Quomodo
1149 365 1230 398 ergo
1261 364 1379 385 semen
1401 351 1563 387 Abrahae
1593 352 1846 400 adprehendit,

157 420 185 454 si
212 419 277 453 hoc
306 418 422 465 ipsum
444 416 482 451 iu
507 415 650 451 Christo
678 429 752 449 non
783 412 1106 448 circumscribitur?
1135 410 1325 458 Quomodo
1356 412 1477 446 debuit
1506 427 1567 460 per
1596 413 1713 447 omnia
1736 413 1847 448 fratri-

151 481 218 514 bus
245 477 452 520 assimilari,
474 477 501 511 is
522 477 583 525 qui
606 477 641 510 in
664 475 784 511 multis
813 474 979 508 fratribus
1009 481 1061 508 est
1087 472 1343 521 primogenitus
1371 474 1409 514 ²¹³,
1433 472 1461 506 is
1485 473 1545 520 qui
1573 488 1634 521 per
1664 475 1779 508 omnia
1802 474 1844 509 ad

150 538 423 574 similitudinem
451 546 609 573 nostram
637 536 704 571 suit
733 543 891 569 tentatus
918 534 961 569 Ἢ)
986 531 1177 579 'Quomodo
1205 533 1297 567 filius
1326 532 1368 566 sit
1395 531 1562 575 Davidis,
1585 542 1619 568 ct
1648 534 1741 569 filius
1769 549 1847 569 san-

155 600 326 635 ctissimae
347 598 528 646 Virginis,
551 598 655 633 cuius
677 595 878 644 genealogia
899 595 941 630 de
962 595 1121 630 davidica
1144 594 1242 629 tribu
1267 593 1488 629 deducitur?
1516 593 1593 628 Nisi
1618 596 1703 630 sorte
1726 605 1759 630 et
1782 597 1846 645 ipsi

150 660 290 707 Yirgini
319 658 726 706 incircumscriptionem
748 656 939 692 Mamonas
965 655 1200 697 aditidicavit,
1223 655 1268 689 ita
1290 662 1329 689 ut
1350 653 1510 689 Verbum
1530 669 1594 703 per
1616 669 1689 690 cam
1714 660 1776 703 (ut
1798 657 1848 691 di-

155 730 253 756 ctum
282 723 355 769 est)
380 735 444 756 ceu
465 734 527 768 per
548 719 702 754 fistulam
728 717 985 765 pertransierit:
1009 724 1118 765 atque
1142 716 1169 750 is
1191 717 1238 750 ita
1259 724 1329 751 toto
1353 715 1667 763 phantasiastarum
1691 726 1723 750 ct
1746 717 1848 752 doce-

152 790 266 817 tarum
290 781 418 823 calice,
440 793 536 815 more
563 792 711 814 suorum
736 778 1005 825 magistrorum,
1029 791 1063 812 se
1084 777 1225 825 proluit.

257 841 444 888 Quomodo
472 841 557 875 item
585 838 868 886 evangelicorum
901 838 1189 887 praedicatorum
1217 838 1262 872 sit
1297 837 1488 872 incolumis
1516 838 1670 874 veritas?
1697 853 1845 886 quorum

151 904 238 939 alius
268 903 402 938 Christi
430 902 643 950 mysterium
669 899 915 947 evangelizans
943 900 992 934 ait
1018 902 1056 936 *ξε
1077 906 1100 920 “
1125 899 1214 934 liber
1242 898 1480 946 generationis
1508 898 1589 934 Iesu
1618 898 1754 934 Christi
1782 900 1844 934 filii

154 993 177 1007 „
206 963 317 998 David
331 992 339 1006 ,
362 963 425 998 filii
445 962 634 998 Abraham.
660 991 683 1005 „
706 961 809 996 Alius
829 969 968 997 autem:
989 967 1012 981 ‘⁵
1040 969 1074 995 et
1093 959 1252 995 Verbum
1274 974 1355 995 caro
1376 961 1509 995 factum
1530 968 1600 1003 est,
1624 969 1657 995 et
1679 961 1844 996 habitavit

154 1053 175 1066 ‚,
206 1024 242 1057 in
263 1024 363 1058 nohis
384 1025 411 1059 *ἦ
436 1052 459 1066 „
480 1022 552 1058 Sed
573 1031 692 1058 noster
713 1030 836 1057 auctor
856 1036 902 1056 ne
923 1021 987 1070 ipsi
1009 1021 1155 1070 quidem
1175 1020 1369 1069 adquiescit
1393 1020 1533 1056 Christo
1555 1021 1788 1070 lapidantibus
1810 1036 1844 1056 se

149 1085 302 1120 dicenti:
316 1091 338 1105 ‘⁵
358 1098 421 1119 cur
437 1097 493 1118 me
512 1083 679 1133 quaeritis
696 1083 914 1125 interficere,
932 1081 1111 1117 hominem
1128 1081 1191 1130 qui
1207 1082 1388 1116 veritatem
1402 1081 1497 1116 vobis
1514 1082 1656 1117 locutus
1673 1096 1750 1117 sum
1762 1084 1805 1118 *ζ’
1822 1111 1844 1125 ‚,

149 1143 306 1179 [binam
326 1144 639 1192 hierophantarum
660 1152 693 1179 et
713 1144 951 1190 theologorum
972 1151 1113 1191 patrum
1132 1150 1337 1177 nostrorum
1359 1143 1622 1190 magisterium?
1643 1143 1704 1192 qui
1726 1152 1848 1191 myste-

149 1205 194 1239 rii
224 1204 358 1240 Christi
386 1206 485 1240 fuere
515 1205 696 1247 custodes,
721 1213 844 1239 sancto
875 1203 1009 1251 Spiritu
1038 1202 1176 1245 adflati,
1201 1202 1456 1251 Christumque
1484 1204 1680 1251 perfectum
1708 1204 1745 1238 in
1773 1204 1846 1239 dei-

152 1275 218 1301 tate
233 1295 240 1308 ,
262 1267 458 1314 perfectum
486 1266 571 1301 item
601 1265 640 1300 in
668 1265 884 1300 humanitate
898 1293 906 1307 ,
929 1264 1072 1299 disertis
1093 1264 1208 1299 verbis
1232 1278 1295 1298 nos
1317 1264 1515 1300 docuerunt
1531 1293 1538 1307 ,
1565 1265 1847 1300 consubstantia-

150 1328 218 1362 lem
238 1325 315 1362 Deo
336 1327 426 1375 patri
452 1327 640 1361 divinitate
655 1355 663 1369 ,
685 1327 786 1361 nobis
815 1334 935 1361 autem
962 1325 1181 1360 humanitate
1195 1353 1203 1368 ,
1228 1325 1536 1374 circumscriptum
1565 1326 1718 1361 eundem
1740 1335 1772 1361 et
1794 1327 1846 1362 iu-

150 1387 484 1435 circumscriptum?
506 1386 604 1432 Quid
621 1401 701 1422 vero
720 1386 822 1421 nobis
840 1386 985 1421 omnino
1001 1385 1133 1433 profuit
1154 1385 1332 1428 Christus,
1350 1386 1412 1434 qui
1430 1400 1550 1421 sumus
1569 1387 1844 1436 circumscripti,

148 1450 213 1484 nisi
236 1450 262 1483 is
284 1463 321 1484 re
345 1449 449 1483 simili
471 1449 623 1483 similem
645 1448 806 1497 purgavit
826 1457 929 1497 atque
951 1448 1106 1483 sanavit?
1124 1448 1194 1482 nisi
1216 1456 1331 1483 totum
1348 1448 1443 1497 quod
1464 1462 1527 1483 nos
1547 1463 1684 1492 sumus,
1703 1449 1845 1498 dempto

148 1518 311 1557 peccato,
341 1509 564 1558 adsumpsit?
592 1509 684 1544 Nam
713 1509 807 1557 quod
835 1509 928 1544 sumi
952 1523 1026 1543 non
1055 1517 1189 1557 potest,
1217 1523 1261 1543 ne
1290 1509 1407 1544 sanari
1436 1509 1582 1557 quidem
1609 1523 1704 1558 posse
1734 1511 1845 1546 aiunt.

151 1569 292 1605 Etenim
318 1570 356 1604 in
384 1570 514 1618 quibus
536 1578 662 1605 natura
690 1570 812 1617 egebat
838 1570 1106 1613 reformatione,
1130 1570 1285 1618 oportuit
1315 1584 1396 1605 eum
1425 1584 1566 1618 prorsus
1596 1570 1744 1605 similem
1768 1572 1845 1606 fieri

147 1639 287 1666 nostrae
316 1639 473 1666 naturae.
501 1630 632 1679 Neque
662 1631 732 1666 iam
760 1631 880 1665 dicant
903 1630 1065 1665 hodierni
1093 1631 1229 1679 patroni
1258 1632 1387 1666 erroris
1416 1631 1686 1680 dogmatumque
1710 1632 1846 1667 Mamo-

150 1706 236 1735 nae,
256 1705 321 1727 nos
342 1691 646 1740 praedicationem
667 1706 741 1727 non
763 1691 954 1728 audivisse:
977 1699 1000 1712 “
1024 1693 1187 1740 profecto
1211 1692 1246 1726 in
1276 1706 1418 1727 omnem
1448 1701 1575 1727 terram
1602 1693 1709 1728 exivit
1736 1708 1845 1729 sonus

153 1780 177 1794 .,
203 1765 344 1795 eorum,
368 1761 400 1787 et
421 1766 531 1801 usque
553 1752 595 1787 ad
617 1752 784 1787 terminos
805 1752 931 1787 mundi
951 1752 1057 1787 verba
1080 1766 1206 1788 eorum
1233 1754 1260 1789 ἡ.
1286 1781 1309 1795 1,
1332 1752 1374 1787 ln
1398 1761 1539 1788 tantum
1561 1754 1759 1789 excaecavit
1787 1769 1843 1790 eos

147 1813 293 1848 stultitia
313 1827 396 1856 sua,
419 1813 577 1862 adeoque
601 1813 715 1848 oculis
737 1813 1004 1856 caecutierunt,
1028 1822 1062 1848 et
1082 1813 1227 1848 auribus
1256 1813 1404 1860 graviter
1430 1814 1642 1857 audierunt,
1665 1823 1698 1850 et
1723 1824 1843 1851 contra

148 1874 388 1909 orthodoxiam
408 1888 667 1922 quaqueversus
690 1874 890 1909 irruerunt!
912 1873 1049 1909 ‘Mentis
1069 1874 1211 1909 oculum
1230 1883 1457 1909 excaecatum
1477 1883 1658 1922 gerenteS,
1675 1890 1749 1911 non
1770 1876 1845 1912 illu-

147 1943 302 1969 strantur
324 1944 439 1970 rectae
461 1935 638 1982 religionis
660 1935 795 1970 lumine
811 1964 819 1978 ,
841 1943 981 1984 patrum
1002 1935 1208 1982 evangelicis
1229 1936 1376 1970 vocibus
1402 1936 1626 1984 impudenter
1654 1937 1820 1972 resistunt
1836 1967 1843 1975 ,

150 2004 184 2030 ct
212 1996 344 2044 absque
365 1996 434 2031 nlla
455 1996 653 2031 reverentia
675 1996 934 2032 contradicunt.
959 1995 1198 2043 Quamobrem
1219 1997 1358 2032 nullum
1383 1997 1597 2033 defensionis
1620 2012 1731 2045 genus
1753 2000 1844 2047 apud

150 2056 280 2090 iustum
307 2056 462 2092 iudicem
491 2057 537 2092 eis
567 2058 748 2105 supererit.

253 2130 310 2165 27.
342 2116 449 2162 Quod
471 2117 500 2152 si
520 2118 717 2153 Mamonae
744 2118 884 2154 videtur
912 2119 1020 2154 dividi
1046 2119 1207 2155 Christus
1235 2119 1321 2154 dum
1350 2119 1574 2167 depingitur,
1598 2129 1632 2155 et
1652 2134 1705 2155 res
1727 2129 1844 2156 creata

149 2177 390 2212 tantummodo
419 2192 620 2221 remanere,
649 2188 807 2227 superest
835 2180 1031 2215 videndum
1058 2195 1101 2215 an
1130 2181 1218 2215 forte
1246 2195 1289 2214 ne
1318 2181 1510 2215 animatam
1538 2182 1684 2230 quidem
1712 2191 1845 2217 creatu-

150 2252 243 2281 ram,
268 2239 435 2273 sermonis
457 2239 514 2273 sui
535 2247 677 2283 tenore,
703 2239 886 2275 Christum
908 2255 982 2276 esse
1008 2241 1167 2289 patiatur.
1197 2240 1276 2276 Nisi
1305 2241 1401 2276 enim
1428 2242 1532 2290 plane
1562 2242 1758 2278 incolumes
1787 2244 1845 2278 ho-

147 2299 255 2333 minis
278 2313 384 2347 quem
404 2298 564 2334 Verbum
587 2300 779 2348 adsumpsit
800 2302 958 2350 physicas
986 2302 1170 2350 qualitates
1190 2302 1248 2337 hic
1271 2302 1465 2345 existimat,
1488 2317 1533 2338 ne
1562 2304 1741 2338 hominem
1770 2306 1845 2352 qui-

147 2360 229 2394 dem
251 2374 325 2395 esse
348 2360 521 2396 concedit.
547 2360 641 2396 Nam
662 2362 836 2409 quomodo
858 2371 1003 2398 naturae
1026 2363 1059 2398 ei
1082 2364 1323 2399 constabunt?
1346 2363 1451 2399 Sicut
1474 2364 1570 2399 enim
1595 2365 1757 2413 physicae
1780 2366 1844 2400 dis-

145 2421 311 2455 serentiae
340 2429 504 2456 naturam
531 2430 727 2469 praesentes
755 2432 984 2466 conservant,
1011 2424 1060 2459 ita
1089 2425 1250 2460 absentes
1275 2425 1422 2460 eandem
1448 2425 1637 2474 perimunt.
1668 2425 1788 2472 Quare
1815 2427 1841 2461 si

145 2482 224 2530 quis
251 2482 310 2516 has
339 2481 494 2516 Domino
526 2483 719 2530 eripuerit,
749 2497 819 2518 nou
849 2492 918 2518 tam
946 2498 1084 2519 merum
1111 2485 1292 2520 hominem
1320 2486 1437 2534 ipsum
1464 2486 1580 2529 dicet,
1605 2501 1710 2535 quam
1739 2487 1842 2522 etiam

146 2543 381 2578 inanimatum
403 2552 435 2577 ct
455 2544 698 2590 inactuosu1n3
720 2544 876 2594 denique
899 2545 951 2579 nil
971 2545 1158 2594 deinceps,
1180 2555 1320 2595 praeter
1341 2556 1507 2591 statuam,
1526 2548 1706 2597 reliquum
1726 2549 1840 2584 faciet.

145 2603 238 2639 Vere
267 2613 349 2639 sunt
378 2605 440 2639 ista
468 2605 651 2653 impietatis
683 2615 901 2649 commenta,
924 2621 997 2641 non
1028 2607 1315 2643 Christianorum
1342 2609 1523 2656 dogmata,
1545 2610 1655 2651 absit,
1677 2609 1737 2644 sed
1764 2608 1841 2644 Ma-

146 2677 268 2699 monae
299 2665 469 2712 cogitatus
499 2674 532 2701 et
560 2667 821 2715 conceptiones.
852 2666 949 2713 Quid
971 2681 1074 2716 porro
1103 2669 1196 2703 dicet
1224 2669 1253 2704 si
1283 2670 1492 2718 comparatio
1522 2670 1729 2705 instituatur
1758 2682 1839 2704 cum

146 2723 285 2759 homine
299 2753 307 2768 ,
328 2739 437 2774 quum
467 2740 537 2761 una
559 2727 603 2762 sit
625 2727 914 2776 uniuscuiusque
943 2729 1097 2763 liominls
1125 2743 1269 2777 persona
1283 2759 1291 2773 ,
1313 2731 1376 2779 qui
1399 2745 1440 2766 ex
1463 2730 1598 2766 duabus
1624 2737 1762 2765 constat
1783 2742 1841 2763 na-

148 2784 232 2818 turis
247 2813 255 2827 ,
276 2800 428 2833 quarum
455 2787 563 2822 altera
592 2789 786 2837 conspicua
811 2797 863 2824 est
886 2798 920 2824 et
943 2789 1210 2838 circumscripta
1233 2799 1268 2826 et
1288 2792 1438 2838 figuram
1464 2805 1545 2840 prae
1573 2805 1608 2825 se
1637 2792 1751 2824 serens
1767 2817 1774 2831 ,
1796 2789 1841 2823 al—

147 2853 219 2879 tera
246 2859 326 2880 vero
354 2849 463 2882 menti
491 2857 631 2884 tantum
659 2850 832 2893 occurrit,
856 2864 922 2886 nee
947 2850 1175 2886 delineatur?
1204 2850 1365 2900 Siquis,
1388 2852 1552 2901 inquam,
1576 2850 1758 2885 hominem
1783 2850 1840 2884 de-

145 2906 317 2953 pinxerit,
339 2922 425 2943 num
453 2910 485 2944 ei
512 2909 688 2946 videbitur
716 2911 846 2946 visibile
878 2925 959 2947 cum
987 2912 1159 2947 invisibili
1191 2914 1436 2961 configurare?
1460 2913 1513 2947 vel
1542 2912 1693 2946 animam
1721 2925 1737 2945 a
1767 2924 1839 2945 cor-

1718 2980 1729 2992 Ω

1883 489 1891 497 '
1910 487 2093 508 Ῐῖι»111.ῐ111,;·ν.

1884 553 1890 562 ¹
1908 550 1977 572 Helm.
1996 552 2031 571 Η.
2053 556 2081 572 11.

1882 912 1890 919 ⁹
1906 911 1988 931 ΜΆΗΗΔ
2009 913 2023 931 Ι.
2043 916 2059 932 Ι,

1884 1036 1890 1043 ’
1908 1033 1956 1054 Ιυῐι4
1974 1035 2031 1055 wll.
2051 1038 2082 1056 Η.

1883 1096 1891 1105 ’
1910 1094 1961 1116 loll.
1981 1096 2040 1116 ἰΙΙΙ4
2060 1099 2089 1116 ³1¹¹.

1880 1767 1889 1776 '
1909 1766 1936 1786 P<
1963 1767 2041 1787 xillt
2060 1771 2076 1786 ·,

1881 1830 1942 1855 (ir.)
