2203 3331
156 422 164 429 '
178 420 257 441 walth.
270 418 328 439 XXI.
341 422 359 439 ⁹.

215 1141 222 1146 “
239 1138 265 1157 ῐς,
282 1136 318 1157 Π,
335 1140 355 1157 a.

158 1166 165 1174 ³
183 1164 265 1184 Hahac.
283 1164 319 1184 111.
335 1167 354 1184 ’.1.
397 1168 400 1171 ’

230 1316 268 1336 Cr.
283 1321 304 1339 71Α
320 1320 353 1336 ειη.

151 1342 353 1363 Ἠἰνι-λΧἉΜΛ.

198 1865 206 1875 ‘
224 1865 256 1885 ΡΞ.
272 1864 317 1885 (tv.
332 1869 352 1886 ι).

153 2830 162 2841 2
179 2830 239 2852 His-r.
256 2832 297 2853 loc.
313 2833 350 2854 cit.

399 158 467 191 222
994 167 1023 189 s.
1050 166 1221 190 Ntcssrnom
1248 166 1485 191 aretem-:neus

400 224 545 269 eiusque
572 220 714 254 nomine
743 219 903 268 appellati
931 235 1062 259 sumus,
1094 223 1133 257 Si
1164 236 1243 258 vero
1272 223 1307 257 in
1337 223 1545 258 contrariam
1574 232 1710 272 partem
1738 225 1881 267 abeant,
1910 225 1993 261 haec
2024 235 2074 261 est

398 282 576 317 manifesta
606 280 733 328 impuri
755 281 895 329 spiritus
917 283 1077 330 operatio.
1107 282 1267 318 Doceant
1286 284 1350 317 hos
1372 283 1510 330 ignaros
1539 284 1716 332 rudesque
1739 286 1773 320 in
1796 285 1926 333 templo
1953 287 2072 334 pueri,

398 341 602 377 naturaliter
629 341 736 376 veluti
766 342 917 385 eruditI,
940 342 1025 378 dum
1052 358 1089 378 ea
1118 344 1241 378 fierent
1269 350 1291 364 “
1323 338 1517 379 osanna'in
1547 345 1714 387 excelsis,
1741 345 1951 392 clamantes:
1973 347 2074 382 benc-

400 431 422 445 „
451 402 568 437 dietus
599 401 660 450 qui
688 402 784 437 venit
811 403 848 437 111
877 404 1018 438 nomine
1047 403 1191 438 Domini
1219 405 1245 439 ³¹¹.
1275 432 1297 446 „
1323 400 1501 439 l'udorcni
1530 405 1612 453 ipsis
1640 405 1818 441 incutiant
1845 407 2073 442 ethnicorum

396 463 514 511 pueri,
531 462 592 511 qui
615 462 745 498 mirum
767 472 815 498 est
837 473 1011 512 quantum
1033 465 1189 500 studium
1209 479 1287 513 prae
1309 480 1343 499 se
1367 465 1510 501 tulerint
1530 466 1732 515 loquentem
1751 466 1868 503 Iesum
1884 468 2071 509 audiendi,

399 525 444 559 ita
466 532 504 559 ut
526 524 716 572 discipulos
737 539 878 573 quoque
903 526 976 560 01115
997 534 1159 573 rogarent
1183 535 1223 561 ut
1248 540 1284 561 se
1306 526 1347 560 ad
1368 526 1470 561 illum
1491 527 1719 564 deducerent.
1744 527 1929 563 Iudaicum
1952 529 2072 576 itaque

353 608 359 614 ·
396 585 567 633 populum
594 585 798 620 universalis
821 585 918 621 Deus
946 587 1139 632 gravissime
1165 587 1349 622 accusabat
1377 587 1497 622 dicens
1521 589 1558 624 *z
1579 595 1603 609 “
1627 592 1787 635 cognovit
1812 588 1873 623 1105
1899 603 2072 636 possesso-

397 674 420 689 „
448 659 521 680 rem
548 660 671 688 suum,
694 655 726 681 et
753 646 869 681 asinus
897 661 1058 694 praesepe
1083 647 1214 682 domitii
1242 649 1319 694 suig
1344 648 1473 683 Israhel
1502 657 1620 684 autem
1647 662 1703 683 1110
1732 663 1806 683 11011
1829 650 2013 696 cognovit,
2037 658 2069 684 et

397 735 419 747 „
447 706 596 754 populus
618 719 672 741 me
695 707 860 752 nescivit3
883 735 905 749 „
922 707 1019 754 quasi
1039 707 1207 742 nimirum
1223 717 1382 743 cerneret
1398 709 1654 744 irrationalium
1671 709 1909 744 animantium
1926 709 2071 744 beluino

394 767 553 813 ingenio,
578 767 750 802 inscitiam
774 768 900 802 horum
923 776 1029 815 atque
1050 768 1249 803 vecordiam
1275 784 1350 805 esse
1372 770 1575 817 graviorem.
1603 770 1678 805 Nos
1702 778 1842 813 autem,
1863 771 1993 818 quibus
2015 784 2070 805 su-

394 841 499 875 perne
528 827 663 862 donum
685 828 853 863 scientiae
882 829 1103 875 supervenit,
1125 829 1162 862 111
1187 830 1290 864 beata
1313 839 1404 865 sorte
1432 845 1471 866 ae
1491 831 1739 866 benedictione
1767 844 1964 878 reponens,
1987 831 2070 879 quia

393 887 575 922 stultitiam
603 887 744 922 illorum
767 888 966 935 mentisque
993 888 1248 923 aberrationem
1276 891 1488 937 repulimus,
1510 905 1572 926 nos
1596 891 1742 939 inquam
1768 891 1882 939 ipsum
1909 891 2070 937 cognitu-

391 962 467 990 ros,
489 947 672 996 perspicue
693 947 875 995 praedixit.
904 948 1040 983 Firmat
1061 957 1180 984 autem
1200 950 1389 984 verborum
1410 951 1604 986 indelebilis
1625 952 1750 987 veritas
1770 965 1860 1000 quae
1885 952 1976 985 facta
1997 950 2069 998 ipsa

394 1009 591 1045 comitatur.
614 1008 755 1043 Pudeat
775 1009 944 1057 deiliceps
966 1009 1041 1044 illos
1062 1009 1125 1058 qni
1147 1009 1288 1044 falsitati
1308 1010 1530 1054 innituntur,
1549 1011 1726 1061 impieque
1747 1021 1852 1060 atque
1875 1011 2070 1047 inscienter

395 1068 681 1104 Christianorum
708 1069 868 1103 allati-ant
889 1078 1022 1104 rectam
1046 1070 1263 1106 sententiam.
1285 1077 1308 1092 “
1332 1070 1440 1106 Plena
1464 1072 1559 1106 enim
1579 1081 1629 1107 est
1649 1073 1812 1108 universa
1841 1081 1930 1107 terra
1953 1071 2070 1118 cogni-

395 1157 417 1169 .,
449 1129 542 1163 tione
570 1128 718 1163 Domini
739 1130 766 1164 *ἦ
790 1129 835 1163 Et
863 1129 1008 1177 plenum
1037 1139 1086 1165 est
1113 1131 1253 1166 caelum
1279 1145 1318 1166 ac
1347 1140 1437 1166 terra
1464 1132 1573 1179 gloria
1600 1133 1676 1168 eius
1699 1134 1725 1169 *ἦ
1754 1161 1777 1176 „
1801 1132 1950 1181 Ubique
1973 1133 2069 1167 enim

394 1190 428 1223 111
452 1190 586 1224 mundo
609 1197 729 1224 sancta
751 1198 867 1224 nostra
892 1190 1087 1226 celebratur
1114 1191 1206 1229 fides.

491 1248 565 1296 Age
587 1263 667 1284 vero
689 1264 776 1297 quae
797 1250 984 1298 praedictis
1005 1251 1173 1300 propheta
1193 1252 1333 1296 adiicit,
1353 1267 1391 1288 ea
1413 1252 1629 1289 ineffabilem
1648 1252 1717 1288 Dei
1737 1252 2011 1299 benignitatem,
2033 1261 2066 1287 et

389 1309 629 1345 inscrutabiles
647 1309 785 1345 divitias
800 1311 969 1346 bonitatis
988 1312 1060 1346 eius
1078 1312 1288 1360 significant.
1307 1320 1330 1335 “
1351 1313 1573 1362 Propitiabor
1592 1313 1838 1362 iniquitatibus
1857 1326 1979 1348 eorum
1994 1314 2021 1348 *ἦ
2042 1341 2066 1355 ,,

392 1370 489 1416 Quid
511 1370 561 1404 his
582 1371 694 1405 verbis
717 1369 888 1406 excelsius
909 1381 969 1407 aut
988 1373 1247 1410 venerabilius?
1271 1374 1369 1420 Quid
1389 1374 1533 1410 dulcius
1554 1383 1617 1410 ant
1637 1374 1847 1422 gratiosisss?
1871 1372 1965 1408 Nam
1987 1386 2067 1408 cum

391 1430 496 1478 possit
516 1430 662 1478 punire,
680 1440 712 1465 et
732 1431 910 1478 gehennae
932 1446 967 1466 os
988 1432 1148 1476 dilatare,
1165 1433 1403 1482 plurimasque
1424 1442 1458 1469 et
1479 1434 1715 1469 intolerabiles
1730 1434 1844 1483 plagas
1865 1434 2066 1481 imponere,

391 1499 517 1525 mortes
542 1491 731 1526 horrendas
754 1500 860 1540 atque
885 1493 1105 1540 improvisas,
1126 1502 1267 1543 propter
1289 1502 1454 1529 sexcenta
1477 1495 1581 1530 immo
1605 1494 1877 1530 innumerabilia
1898 1502 2066 1541 peccata;

391 1559 543 1586 attamen
565 1565 637 1586 non
658 1560 709 1587 est
730 1552 982 1597 comminatus,
1003 1567 1076 1589 non
1098 1554 1253 1602 punivit,
1276 1568 1349 1590 non
1371 1555 1550 1604 imperavit
1569 1563 1685 1590 terrae
1706 1564 1746 1590 ut
1766 1555 1961 1590 dehisceret
1982 1567 2067 1589 cun-

391 1621 534 1661 ctosque
563 1613 707 1649 omnino
735 1615 958 1661 absorberet3
982 1616 1042 1651 sed
1068 1617 1143 1651 eius
1165 1631 1245 1664 erga
1264 1617 1425 1652 homines
1451 1617 1646 1665 benignitas
1674 1616 1876 1665 praevaluit.
1898 1621 1921 1636 ‘⁴
1946 1614 2067 1664 Propi·

392 1702 415 1715 „
444 1674 554 1709 tiabor
582 1675 676 1710 enini
691 1703 699 1717 ,
720 1675 858 1723 inquit,
880 1676 1128 1724 iniquitatibus
1156 1691 1289 1714 eorum.
1314 1706 1337 1721 „
1358 1677 1433 1713 Nos
1454 1692 1535 1713 vero
1556 1678 1623 1727 qui
1637 1677 1716 1712 talia
1738 1677 1868 1725 experti
1888 1689 2009 1711 sumus
2031 1685 2065 1710 et

390 1734 586 1778 credimus,
608 1735 784 1771 victoriale
807 1736 910 1771 simul
931 1745 963 1771 et
984 1738 1256 1774 eucharisticum
1282 1738 1454 1786 hymnum
1479 1737 1660 1773 Servatori
1687 1746 1805 1772 nostro
1831 1737 2007 1779 canimus,
2030 1745 2066 1771 et

389 1803 576 1841 gratiarum
596 1796 771 1831 actionem
790 1797 949 1845 quotidie
972 1799 1173 1842 offerimus,
1197 1807 1377 1834 cantantes
1398 1807 1504 1848 atque
1524 1799 1728 1847 psallentes:
1750 1805 1773 1820 “
1796 1798 1873 1846 quis
1894 1797 2064 1846 loquetur

391 1884 414 1898 „
443 1857 617 1903 potentias
638 1855 808 1900 Domini,
830 1857 967 1893 audi'tas
987 1859 1093 1894 saciet
1113 1873 1233 1895 omnes
1253 1860 1376 1895 laudes
1400 1859 1478 1895 cius
1501 1861 1543 1895 ³³?
1567 1888 1589 1903 „
1612 1858 1701 1905 Quis
1723 1859 1942 1894 annunciare
1964 1858 2065 1893 mise-

389 1916 555 1952 ricordias
585 1918 657 1952 eius
684 1932 723 1952 ac
750 1918 920 1953 mirabilia
947 1920 1027 1954 satis
1054 1920 1190 1956 valeat?
1218 1919 1317 1966 Quae
1344 1921 1464 1968 lingua
1491 1920 1776 1967 magnitudinem
1801 1919 2064 1954 beneficiorum

388 1977 462 2011 eius
489 1977 594 2024 (ligne
618 1978 825 2026 eloquatur?
849 1994 939 2028 quae
967 1980 1077 2015 oratio
1099 1981 1282 2027 excogitari
1304 1981 1409 2029 possit
1429 1981 1669 2028 magnitudini
1691 1981 1857 2015 datorum
1883 1980 1925 2014 ab
1948 1993 1988 2013 eo
2007 1979 2065 2014 bo-

387 2051 515 2073 norum
541 2053 601 2086 par
612 2039 627 2074 ἶ)
654 2039 766 2088 Atqui
786 2054 858 2074 11011
880 2040 996 2075 solum
1015 2055 1087 2076 non
1108 2042 1245 2090 punivit
1267 2056 1382 2090 neque
1403 2042 1583 2089 gehennae
1608 2041 1769 2084 tradidit,
1792 2041 1851 2075 sed
1873 2040 2062 2087 indulgens

387 2098 455 2133 suit
478 2098 727 2147 iniquitatibus
748 2101 895 2147 nostri53
918 2101 1022 2137 immo
1045 2102 1141 2150 quod
1163 2111 1290 2137 cuncta
1313 2102 1467 2145 excedit,
1489 2110 1522 2137 et
1544 2101 1737 2137 orationem
1758 2115 1897 2136 omnem
1920 2115 2063 2148 exsupe-

387 2167 456 2200 rat,
478 2160 683 2207 mysterium
705 2161 863 2195 salutaris
885 2161 1139 2198 incarnationis
1159 2163 1261 2198 1101115
1283 2171 1445 2211 operatus
1467 2172 1526 2200 est.
1552 2162 1627 2198 Cur
1649 2171 1765 2198 autem
1785 2162 1839 2196 vel
1858 2161 2062 2210 quomodo?

388 2218 468 2253 Non
495 2220 651 2267 punivit,
673 2221 733 2255 sed
756 2222 902 2269 punitus
927 2231 996 2269 est3
1022 2237 1093 2258 non
1118 2223 1250 2272 plagam
1274 2224 1419 2267 intulit,
1440 2224 1499 2259 sed
1526 2224 1685 2273 plagatus
1707 2232 1757 2258 est
1778 2224 1849 2271 ipse
1875 2223 1911 2256 in
1936 2222 2062 2257 dilecta

387 2279 498 2315 domo.
525 2279 681 2316 Dorsum
708 2296 811 2317 suum
830 2282 927 2318 dedit
948 2283 985 2318 in
1006 2285 1151 2319 verbera
1165 2313 1172 2327 ,
1196 2293 1229 2320 et
1250 2299 1355 2331 genas
1377 2299 1456 2320 suas
1478 2285 1521 2320 ad
1545 2285 1669 2333 alapas.
1697 2284 1879 2319 Postremo
1904 2282 2062 2331 turpissi-

388 2352 476 2373 mam
499 2341 610 2375 crucis
632 2355 755 2377 necem
778 2343 932 2391 excepit,
954 2344 1148 2391 ignominia
1178 2354 1399 2394 contempta,
1422 2359 1543 2381 secum
1565 2345 1664 2381 cruci
1685 2345 1866 2392 configens
1888 2344 2060 2391 scriptum

386 2399 547 2435 adversus
575 2415 638 2436 nos
668 2403 956 2452 chirographum,
979 2414 1019 2440 ut
1046 2420 1109 2441 nos
1138 2415 1282 2455 peccato
1311 2407 1481 2455 eriperet,
1507 2415 1540 2442 et
1566 2406 1610 2441 de
1637 2414 1802 2453 potestate
1830 2404 2059 2439 tenebrarum

386 2462 561 2498 liberaret.
583 2463 679 2499 Idem
698 2465 810 2514 itaque
833 2467 994 2502 sacerdos
1015 2477 1047 2502 et
1067 2469 1227 2512 victima,
1248 2469 1341 2504 idem
1362 2469 1545 2504 immolans
1565 2469 1676 2503 nostri
1700 2481 1822 2510 eausa,
1844 2467 2059 2501 sacrificatus

387 2523 491 2558 simul
514 2532 546 2558 et
567 2525 714 2559 offerens
735 2524 811 2561 Deo
831 2528 918 2575 patri
939 2529 1110 2577 populum
1130 2530 1350 2577 peculiarem.
1379 2529 1471 2564 Hinc
1492 2543 1556 2564 nos
1578 2528 1619 2563 (10
1640 2527 1826 2562 dominatu
1851 2526 1989 2561 inimici
2010 2540 2059 2561 re-

386 2584 517 2632 dempti
544 2584 695 2628 suimus,
718 2595 923 2637 patremque
950 2602 1010 2636 per
1037 2590 1150 2625 filium
1175 2591 1400 2637 agnovimUS,
1422 2598 1455 2624 et
1483 2589 1627 2636 genuini
1654 2587 1833 2623 Trinitatis
1861 2587 2058 2622 adoratores

386 2643 573 2680 extitimus.
601 2644 649 2680 At
676 2646 771 2680 enim
799 2647 859 2695 ([111
880 2648 921 2682 ab
943 2649 1118 2685 eiusmodi
1145 2651 1254 2698 gratia
1275 2658 1358 2685 sunt
1380 2649 1503 2692 alieni,
1524 2649 1650 2684 horum
1678 2647 1838 2683 omnium
1857 2647 1980 2690 obliti,
2001 2661 2059 2682 au-

385 2717 508 2752 resque
538 2713 573 2739 et
601 2705 712 2740 cordis
741 2706 857 2741 oeulos
886 2708 928 2742 ad
956 2717 1026 2745 tam
1052 2710 1265 2745 venerandas
1291 2710 1525 2758 amabilesquc
1554 2723 1609 2743 res
1637 2708 1862 2750 claudentes,
1889 2707 2058 2756 quicquid

385 2763 527 2800 demum
552 2765 677 2801 volunt
705 2766 852 2802 adorent
880 2777 914 2802 et
943 2770 1068 2807 colant.
1097 2771 1205 2817 Quod
1233 2771 1400 2819 deinceps
1428 2770 1538 2804 deifer
1565 2769 1736 2818 propheta
1765 2768 1929 2811 subiicit,
1955 2767 2056 2817 quale

386 2833 627 2875 quantumque
656 2828 723 2862 est!
745 2833 767 2849 ‘⁶
792 2826 838 2862 Et
864 2838 1087 2875 peccatorum
1115 2844 1235 2867 eorum
1263 2831 1411 2867 ulterius
1437 2843 1509 2865 non
1538 2829 1744 2865 recordabor
1769 2832 1795 2864 τ’.
1826 2858 1848 2872 ,‚
1877 2827 1952 2864 Hoc
1980 2828 2056 2863 loco
