2203 3331
626 197 790 220 ‚mx-easrs
817 196 1062 220 cossuxrixmi
1087 195 1321 219 COPROKYMFM.
1754 185 1819 218 125

134 268 216 290 eum
245 252 419 303 perpetuis
441 260 696 288 commutantes
711 281 719 295 ‚
742 253 784 287 ob
805 252 891 286 haec
912 251 1058 286 viriliter
1083 258 1195 297 gesta.
1219 259 1254 285 et
1281 260 1373 286 tanta
1400 252 1613 294 certamina,
1637 251 1817 286 immarce-

135 315 316 350 scibilibus
345 313 484 348 coronis
504 313 684 348 victoriosi
708 313 862 347 veritatis
893 320 997 347 testes
1017 325 1035 346 a
1057 311 1260 345 munerario
1291 313 1521 347 certaminum
1542 311 1620 347 Deo
1642 311 1740 359 digni
1761 312 1817 346 lia-

136 377 341 417 bebuntur,
365 382 398 408 et
419 387 500 409 cum
524 373 663 408 Clu-isto
685 373 912 408 aeternaliter
933 372 1145 419 regnabunt.
1177 371 1319 406 Clu-isto
1344 372 1479 407 scilicet
1503 373 1586 408 sacti
1607 372 1820 415 coheredes,

139 446 173 472 ct
195 435 464 472 immortalitatis
485 443 614 470 sortem
635 434 769 482 adepti,
788 434 910 469 vivunt
931 433 1023 482 apud
1047 447 1130 468 eum
1150 433 1256 467 vitam
1279 434 1518 468 incessabilem
1540 448 1579 469 ac
1602 443 1822 482 perpetuam,

140 499 221 533 luce
249 496 437 532 immortali
465 496 662 543 fulgentes,
685 495 800 529 divina
828 494 1071 543 pulcritudine
1098 494 1290 536 venustati,
1313 507 1394 528 cum
1415 495 1575 541 supernis
1597 494 1823 542 potestatibus

141 559 283 593 choreas
306 557 485 604 agitantes.
508 557 599 591 Nam
620 555 705 604 quid
727 555 840 590 maius
863 569 934 590 esse
956 563 1089 602 potest,
1108 568 1213 603 quam
1234 554 1363 589 versari
1386 568 1464 588 cum
1483 553 1582 596 Deo,
1600 563 1705 603 atque
1729 554 1823 589 illine

141 619 307 654 beatitate
329 618 481 667 perfrui,
502 631 650 665 superna
669 616 776 663 gloria
794 616 915 663 dignos
934 616 1070 650 habitos
1091 624 1195 664 atque
1217 615 1426 664 splendore?
1446 614 1592 650 Etiamsi
1613 616 1709 650 enim
1727 629 1825 653 nunc

142 681 230 716 sorte
258 680 328 715 vita
357 679 496 714 illorum
521 679 671 712 obscura
701 676 859 719 videtur,
881 685 1037 711 attamen
1066 683 1088 697 ‘⁵
1119 691 1230 725 quum
1260 675 1445 718 Christus,
1468 676 1602 724 inquit,
1625 676 1824 724 apparuerit

144 770 169 784 μ
197 741 264 775 vita
293 749 434 782 nostra,
457 748 544 774 tuuc
573 746 606 772 et
633 738 697 786 ipsi
726 751 808 773 cum
836 751 876 772 eo
903 737 1122 786 apparebunt
1150 737 1186 772 in
1211 737 1318 784 gloria
1343 738 1370 772 ἢ.
1395 765 1418 780 „
1440 736 1604 784 Namque
1634 746 1825 785 martyrum

143 802 244 837 Deus
271 808 294 823 ‘⁶
326 810 376 836 est
403 799 596 835 Abrahami
624 798 723 834 Deus
752 807 786 833 et
815 798 929 833 isaaci
957 808 990 834 et
1018 798 1138 834 Iaeobi
1157 827 1165 841 ,
1195 813 1266 834 non
1296 807 1519 833 mortuorum
1547 797 1605 832 sed
1633 798 1827 832 viventium

147 891 170 906 „
198 862 300 898 Deus
329 870 379 896 est
405 863 423 882 ⁷⁵²
446 889 469 904 „
492 861 543 896 uti
572 861 746 909 scriptum
775 868 833 895 est.
862 860 986 908 Itaque
1014 869 1216 895 sanctorum
1245 860 1380 894 animae
1403 859 1439 893 in
1462 873 1568 893 manu
1592 857 1658 893 Dei
1681 866 1763 893 sunt
1788 860 1825 901 *a

142 937 259 971 neque
283 935 450 970 umquam
471 935 528 956 eas
551 928 665 967 tanget
685 920 806 966 dolor;
825 929 858 955 et
881 934 1095 969 quamquam
1115 920 1227 956 oculis
1249 921 1374 954 horum
1394 919 1639 967 insipientium
1660 918 1723 952 visi
1746 927 1827 953 sunt

145 984 254 1026 mori,
276 991 312 1018 et
340 990 500 1031 reputata
529 990 579 1017 est
605 982 781 1017 calamitas
810 981 922 1017 exitus
950 982 1110 1027 illorum;
1135 990 1166 1016 et
1190 995 1208 1016 a
1229 982 1329 1016 nobis
1356 981 1544 1023 discessus,
1567 980 1754 1026 contriti03
1777 980 1827 1014 illi

144 1043 375 1078 nihilominus
404 1051 488 1078 sunt
516 1043 552 1077 in
581 1057 677 1092 pace.
706 1042 790 1078 Non
818 1043 913 1078 enim
940 1043 1074 1078 mortui
1100 1051 1203 1086 sunt,
1225 1042 1286 1078 sed
1315 1043 1456 1085 vivunt,
1479 1051 1512 1077 et
1541 1056 1683 1077 somnus
1712 1041 1827 1089 potius

145 1119 250 1153 quam
277 1119 370 1139 mors
399 1113 584 1147 est,11101-s
615 1104 755 1139 illorum
783 1103 955 1152 pretiosa3
980 1104 1073 1139 haud
1101 1113 1193 1139 terra
1221 1104 1365 1147 infossi,
1389 1104 1449 1138 sed
1479 1104 1514 1138 in
1545 1103 1682 1139 caelum
1710 1102 1826 1138 volatu

146 1164 225 1200 elati
247 1167 309 1213 (Ι).
330 1164 474 1200 Etenim
494 1179 534 1200 ex
556 1165 780 1213 corruptibili
800 1165 1004 1213 caducaque
1026 1166 1092 1199 vita
1116 1164 1292 1207 translati,
1310 1165 1347 1199 in
1370 1164 1474 1199 aliam
1498 1164 1712 1199 transierunt
1731 1178 1830 1199 sene-

147 1225 254 1260 ctutis
281 1234 458 1274 expertem
480 1235 515 1260 et
535 1225 793 1273 sempiternam.
822 1224 1061 1271 Quamobrem
1087 1225 1122 1260 in
1153 1225 1368 1274 quotidianis
1389 1225 1535 1260 canticis
1563 1225 1713 1267 nostris,
1736 1224 1830 1259 circa

147 1285 236 1320 illud
255 1286 509 1321 acroteleution
533 1286 665 1321 cantici
686 1286 784 1335 quod
808 1286 936 1334 hymno
959 1286 1177 1329 succinitur,
1197 1300 1394 1333 congruum
1414 1286 1499 1334 quid
1521 1285 1744 1320 modulantes
1762 1299 1828 1320 ceu

147 1346 190 1381 ad
217 1347 372 1382 viventes
399 1347 436 1382 in
466 1346 542 1382 Deo
570 1356 710 1382 sanctos
737 1354 760 1368 ‘'-
790 1346 989 1381 benedicite
1021 1346 1163 1394 spiritus
1194 1355 1227 1381 et
1255 1347 1390 1382 animae
1419 1347 1593 1381 iustorum
1620 1346 1775 1381 Domino
1806 1374 1829 1389 a,

148 1408 299 1443 dicimus
318 1436 326 1451 ,
356 1416 388 1442 et
417 1422 507 1456 quae
539 1408 586 1442 ibi
613 1416 824 1456 sequuntur.
852 1407 965 1456 Atqui
999 1407 1048 1441 illi
1084 1407 1260 1442 cauticum
1287 1407 1434 1443 Domini
1467 1408 1559 1442 haud
1594 1415 1763 1442 canerent
1794 1407 1830 1441 in

151 1476 243 1502 terra
271 1468 408 1511 aliena,
438 1477 471 1503 et
497 1483 515 1503 a
543 1478 659 1503 nostro
687 1482 785 1503 sacro
815 1469 920 1503 clioro
948 1468 1144 1515 longissime
1179 1468 1340 1503 absentes
1358 1497 1366 1512 ,
1395 1469 1424 1502 si
1452 1477 1546 1503 certe
1574 1467 1684 1502 sancti
1714 1468 1755 1502 ab
1784 1467 1830 1501 eis

148 1529 276 1563 mortui
305 1537 525 1578 putarentur.

252 1590 311 1626 52.
341 1590 413 1625 Sed
443 1590 499 1625 illa
526 1590 669 1639 quidem
690 1591 806 1638 priora
828 1591 983 1626 suerunt.
1012 1590 1120 1626 Nunc
1142 1605 1222 1625 vero
1244 1591 1281 1625 in
1307 1591 1377 1626 suis
1405 1590 1508 1626 sacris
1536 1590 1740 1636 imaginibus
1764 1603 1834 1623 eas-

147 1650 228 1685 dem
255 1665 342 1699 quas
373 1650 533 1686 Christus
560 1651 819 1700 persecutiones
847 1651 1084 1700 participant,
1113 1652 1341 1700 eiusdemque
1369 1652 1589 1700 passionibus
1618 1652 1834 1686 conforman-

151 1720 229 1757 turg
258 1712 306 1747 ita
335 1721 373 1747 ut
400 1727 461 1761 pro
491 1713 624 1762 duplici
652 1713 810 1761 passione
841 1722 874 1748 et
900 1713 1059 1756 iniuria,
1089 1714 1290 1761 duplicibus
1320 1713 1424 1748 etiam
1453 1713 1616 1762 praemiis
1645 1712 1712 1747 sint
1742 1726 1834 1746 coro-

148 1773 275 1810 nandi:
301 1774 524 1823 vicissimque
553 1775 655 1810 simul
684 1775 975 1822 glorificabuntur
1005 1776 1184 1818 secundo,
1214 1784 1289 1810 tum
1316 1775 1355 1810 in
1383 1776 1450 1809 rita
1479 1775 1615 1810 scilieet
1644 1782 1833 1821 martyres,

150 1843 223 1869 tum
252 1835 356 1870 etiam
383 1844 551 1885 martyres
574 1836 611 1871 in
634 1836 854 1883 imaginibus.
884 1836 1077 1885 Propterea
1098 1851 1160 1871 nos
1188 1837 1341 1872 scientes
1366 1851 1423 1871 eos
1448 1835 1516 1871 Dei
1544 1835 1732 1870 familiares
1762 1848 1833 1868 esse

149 1910 188 1930 ac
217 1896 365 1932 adseclas
390 1898 452 1945 (iis
481 1898 575 1933 enim
602 1898 764 1933 omnium
790 1896 892 1933 Deus
921 1898 1023 1935 dixit:
1048 1898 1115 1933 iam
1136 1913 1207 1933 non
1233 1898 1313 1933 dico
1338 1912 1398 1932 ros
1428 1911 1540 1932 servos
1569 1896 1629 1932 sed
1652 1897 1779 1930 amieos
1807 1897 1833 1930 ἦ

149 1956 212 2000 Et,
229 1957 325 1993 dedit
345 1959 393 1993 eis
414 1967 622 2007 potestatem
644 1959 730 1994 filios
751 1958 822 1994 Dei
844 1959 921 1994 fieri
936 1960 997 2007 *μ
1014 1959 1229 1994 admiremur
1254 1959 1395 1993 illorum
1417 1973 1497 2005 erga
1514 1957 1631 1992 Deum
1653 1957 1835 1991 caritatem

148 2032 189 2052 ac
217 2019 342 2061 fidem,
366 2028 398 2054 et
427 2020 588 2068 supernis
616 2020 812 2054 honoribus
841 2019 1079 2056 cumulemus:
1107 2019 1231 2068 templa
1260 2020 1398 2054 illorum
1427 2033 1614 2060 ornemus,
1641 2017 1834 2052 certamina

151 2078 390 2123 celebremus,
411 2095 523 2116 sacras
551 2081 715 2130 reliquias
743 2095 976 2124 veneremur,
998 2091 1159 2128 augustas
1182 2081 1321 2116 illorum
1344 2081 1509 2128 imagines
1533 2080 1630 2115 cultu
1653 2092 1837 2127 prosequa-

152 2153 250 2176 mur:
273 2143 561 2191 quandoquidem
581 2158 660 2179 vere
684 2144 796 2178 honor
819 2144 979 2191 imaginis
1002 2144 1043 2178 ad
1066 2153 1291 2192 prototypum
1313 2142 1456 2189 transit3
1484 2151 1514 2177 et
1537 2143 1649 2176 lmnor
1670 2141 1835 2176 fidelibus

154 2202 335 2236 conservis
358 2203 533 2246 tributus,
556 2204 728 2239 indicium
749 2213 799 2239 est
820 2213 962 2239 nostrae
987 2219 1067 2251 erga
1089 2218 1318 2240 communem
1338 2203 1534 2238 Dominum
1555 2201 1813 2237 benivolentiae
1828 2230 1836 2244 ,

153 2271 191 2296 ut
219 2262 318 2297 aiunt
347 2264 514 2300 ecclesiae
536 2265 701 2312 magistri.
730 2264 822 2300 Hinc
844 2265 945 2300 nobis
968 2267 1065 2300 firma
1088 2280 1164 2314 spes
1188 2266 1341 2313 fidesque
1357 2295 1364 2308 ‚
1389 2265 1707 2300 sanctificationem
1733 2263 1838 2311 impe-

154 2323 290 2366 trandi,
308 2333 603 2374 peccatorumque
624 2326 887 2369 remissionem,
906 2340 945 2362 ac
963 2327 1204 2361 molestiarum
1220 2326 1464 2374 depulsionem
1482 2325 1725 2360 nanciscendi.
1744 2324 1837 2359 Hinc

151 2383 312 2419 videmus
334 2386 460 2434 expelli
481 2386 685 2430 daemones,
706 2388 842 2423 morbos
864 2388 999 2430 sanari,
1016 2388 1236 2423 infirmitates
1258 2387 1373 2434 fugari
1395 2387 1556 2421 omnium
1577 2386 1639 2434 qui
1664 2400 1747 2421 cum
1768 2385 1836 2420 lide

151 2445 352 2489 accedunt,
381 2447 448 2481 sive
476 2448 648 2495 spiritales
677 2448 745 2483 sive
775 2462 967 2496 corporeas.
998 2448 1185 2497 Siquidem
1212 2448 1307 2483 dedit
1336 2448 1417 2496 ipsis
1446 2448 1605 2482 omnium
1637 2447 1837 2481 dominator

153 2512 176 2526 ‘⁴
208 2515 418 2555 potestatem
448 2509 606 2543 calcandi
634 2523 736 2557 supra
766 2518 945 2558 serpentes
974 2518 1007 2544 et
1035 2509 1211 2558 scorpios,
1234 2518 1267 2544 et
1295 2523 1402 2558 super
1423 2523 1540 2544 omncs
1566 2508 1701 2543 inimici
1729 2508 1836 2549 vires,

156 2596 178 2610 ‚‚
208 2582 276 2603 nec
297 2583 370 2604 non
393 2570 555 2605 morbum
576 2570 767 2618 quemlibet
789 2571 1123 2619 aegritudinemque
1154 2571 1300 2606 sanandi
1325 2572 1350 2607 ³³.
1377 2599 1398 2613 „
1423 2569 1504 2616 Quo
1529 2572 1585 2612 fit,
1608 2578 1648 2605 ut
1668 2569 1795 2603 virtute
1819 2582 1837 2603 a

156 2628 293 2677 Spiritu
316 2640 456 2679 accepta
472 2660 480 2674 ‚
503 2632 682 2667 miraculis
705 2641 806 2681 atque
828 2632 1017 2667 virtutibus
1039 2632 1232 2667 clarescant
1260 2634 1309 2679 (2)
1359 2633 1486 2667 r“ratiae
1508 2633 1642 2667 fontem
1665 2631 1702 2665 in
1725 2638 1836 2664 semet

1324 2661 1332 2675 9
1357 2660 1375 2679 b

156 2699 332 2737 gestantes
353 2692 562 2727 sanitatibus
585 2692 728 2728 abunde
750 2693 792 2727 ad
813 2706 932 2728 omnes
955 2693 1217 2729 scaturientem.
1240 2692 1336 2739 Quid
1358 2693 1464 2740 igitur
1485 2693 1527 2727 ad
1549 2693 1634 2727 baec
1655 2691 1792 2732 dicitis,
1816 2704 1834 2724 o

234 2796 268 2827 (ῐῖ
290 2796 360 2830 Ergo
380 2804 434 2823 non
455 2801 593 2831 expectato
613 2797 774 2825 universalis
794 2797 888 2824 iudicii
909 2797 968 2830 die,
989 2802 1018 2824 ut
1040 2798 1204 2825 recentiores
1222 2798 1390 2825 schismatici
1411 2797 1547 2824 dictitant.

236 2843 271 2871 (2,
292 2841 332 2866 En
352 2849 463 2875 graecae
483 2850 592 2876 quoque
611 2842 756 2873 ecclesiae.
779 2842 948 2877 patriarchae
967 2842 1008 2869 sui
1028 2842 1174 2877 Nieepliori
1193 2850 1256 2875 ore,
1277 2842 1474 2870 confessionem
1495 2842 1528 2868 de
1549 2840 1686 2867 miraculis
1709 2839 1838 2865 interces-

153 2885 230 2912 sione
249 2889 422 2920 sauctorum,
443 2886 603 2920 praesertim
622 2886 658 2913 ob
678 2887 822 2914 homiuum
843 2887 976 2921 salutem,
998 2887 1098 2922 patrari
1119 2887 1215 2914 solitis.

1863 751 1873 761 ‘
1891 751 1977 771 Culus-s.⁴
1994 752 2031 771 lll.
2053 756 2067 772 λ.

1862 863 1872 874 ’
1888 863 1941 883 [ur.
1958 863 2005 883 Κλ.
2022 866 2054 884 .“.Τ.

1863 890 1872 899 ⁸
1887 889 1939 916 Sip.
1957 890 1993 910 ιιι.
2014 893 2030 910 ι.

1872 1908 1882 1918 ⁸
1898 1907 1912 1927 11
1925 1906 1946 1926 Ι]Δ
1963 1907 2009 1926 XX.
2030 1910 2059 1926 ἰῖ».

1870 1970 1881 1981 ’
1896 1969 1956 1990 Idem
1975 1970 1987 1989 Ι.
2009 1973 2038 1989 ΙΔ.

1872 2084 1910 2106 Gr.
1926 2090 1947 2110 μ
1968 2087 2010 2104 im.

1873 2582 1883 2593 ³
1898 2581 1952 2603 Luc,
1971 2580 1995 2600 Χ.
2016 2584 2045 2601 1⁴0.
