2203 3331
205 693 241 711 (ir.
255 697 277 718 p.
293 694 325 714 2:43v

373 193 435 224 17¹]
958 203 985 225 s.
1011 203 1181 226 memnoni
1209 204 1443 227 APOLOGETICL'S

368 271 444 291 uem
475 256 616 304 pertulit
649 269 781 304 corpus.
811 256 872 291 Sic
901 259 993 292 omni
1016 259 1052 293 in
1077 274 1134 301 re,
1158 259 1293 294 divinae
1317 260 1421 294 simul
1442 269 1589 295 naturae
1612 261 1840 308 dignitatem,
1864 273 1895 299 et
1917 265 2034 301 huma-

369 332 429 351 nae
452 317 659 364 paupertatis
681 317 910 352 humilitatem
934 327 1081 365 testans:
1102 334 1145 354 ne
1166 320 1358 355 incarnatio
1378 321 1453 355 eius
1471 321 1650 356 videretur
1669 323 1894 370 phantastica.
1913 325 2033 375 Atque

366 386 399 411 ut
434 376 527 410 Deus
555 377 676 410 mansit
705 378 913 412 humanitati
940 380 1111 422 sociatus,
1140 381 1181 414 ita
1210 380 1244 414 in
1273 380 1410 415 deitatis
1439 380 1605 427 dignitate
1633 382 1742 417 nihilo
1771 391 1885 418 tamen
1913 386 2033 420 minus

366 438 463 470 homo
486 445 546 471 est.
575 436 686 470 Ambo
717 437 828 484 itaque
857 452 949 473 unus
977 439 1068 473 Deus
1093 448 1123 473 et
1148 440 1251 473 homo
1281 439 1519 476 linimanuhcl.

469 510 523 532 21.
554 495 851 544 Quandoquidem
880 498 992 546 itaqu·¹
1024 499 1110 533 iutra
1138 500 1248 534 iustos
1278 509 1392 535 rectae
1419 500 1498 535 fidei
1522 501 1687 536 terminos
1717 502 1762 536 ita
1792 505 2032 548 consistimus,

363 559 409 592 sic
436 558 593 604 dogmata
614 566 727 592 nostra
753 567 919 595 tenemus.
949 560 1038 594 Nam
1058 560 1261 595 dualitatem
1285 562 1574 596 concurrentium
1598 562 1632 596 in
1658 561 1800 597 Christo
1826 566 2033 601 substantia-

364 632 461 659 rum,
490 632 570 652 cuin
597 618 667 652 suis
697 618 940 661 idiomatibus,
969 628 1115 668 utraque
1144 621 1235 655 cuim
1263 622 1414 668 perfecta
1443 630 1475 656 et
1502 622 1709 656 indeficiens
1739 623 1929 658 substantia
1957 634 2030 669 cst,

362 678 611 725 praedicamus,
634 678 694 712 1110
713 687 829 713 autent
842 707 848 719 ,
866 680 927 727 qui
948 680 1027 713 hinc
1046 680 1087 714 ad
1109 681 1277 715 unitatem
1297 696 1460 729 personae
1473 710 1480 723 ,
1499 691 1640 729 propter
1658 683 1914 730 hypostaticam
1934 686 2033 719 unio-

361 753 460 781 nem,
483 739 758 774 substantialiter
782 740 818 774 lit
842 754 1051 781 concursus,
1073 754 1185 788 aeque
1207 755 1225 775 a
1248 741 1348 775 nobis
1369 742 1613 789 proclamatur.
1637 742 1718 776 Non
1740 757 1896 778 secamus
1917 759 2030 792 neque

360 800 547 834 dividimus
569 800 604 833 in
628 800 714 834 duos
743 800 827 833 lilios
857 813 967 834 unum
996 800 1181 834 dominum
1204 800 1320 835 Iesum
1345 801 1549 843 Christum,
1572 815 1701 850 nempe
1726 817 1884 838 seorsum
1912 804 1947 838 iu
1976 806 2032 839 ho-

359 861 508 903 minem,
533 868 566 894 et
595 874 745 894 seorsum
774 859 810 893 in
840 859 979 901 Deum,
1003 874 1041 893 ac
1069 860 1176 894 veluti
1203 861 1239 894 in
1267 870 1405 908 partesg
1432 862 1538 910 idque
1568 871 1605 897 ut
1634 863 1799 897 furiosam
1825 865 2031 912 stultamque

358 920 590 955 hominicolae
621 920 774 954 Nestorii
797 919 1003 954 divisionem
1024 920 1262 955 excludamus,
1293 921 1418 969 Neque
1440 936 1562 956 rursus
1586 923 1843 959 confundimus
1866 933 1925 959 aut.
1952 925 2033 959 alte-

357 995 492 1023 ramus,
516 990 677 1028 tanquam
699 979 740 1014 ad
764 979 902 1013 unicam
924 988 1084 1014 naturam
1108 981 1308 1023 trahentes,
1331 981 1458 1016 unicae
1486 996 1654 1029 personae
1680 983 1873 1025 unitatem,
1897 984 1955 1018 sed
1983 985 2032 1018 in-

356 1041 540 1091 permixtas
570 1054 740 1075 servamus
768 1041 932 1074 ambabus
959 1041 1099 1075 naturis
1127 1040 1347 1075 inhaerentes
1375 1042 1613 1085 differentias,
1635 1052 1674 1077 ut
1703 1044 1798 1078 stulti
1830 1044 2030 1092 lssutychetis

356 1102 565 1150 synaeresim
586 1102 826 1143 destruamus,
849 1115 914 1135 nec
936 1115 1010 1135 non
1034 1102 1139 1136 etiam
1163 1101 1428 1136 Severianorum
1449 1103 1508 1150 qui
1533 1104 1657 1138 merito
1679 1103 1851 1151 Acephali
1875 1109 1923 1151 (1)
1946 1106 2030 1140 dicti

356 1170 447 1196 sunt.
476 1161 635 1209 Namque
659 1169 692 1195 et
720 1161 755 1194 hi
784 1161 872 1195 male
902 1161 1057 1203 uniunt,
1081 1170 1115 1195 et
1136 1161 1324 1196 Nestorius
1346 1162 1451 1209 impie
1479 1162 1623 1198 dividit:
1648 1163 1695 1197 ita
1717 1172 1757 1198 ut
1778 1178 1887 1212 aeque
1912 1178 2032 1211 pecca-

355 1223 468 1257 verint
495 1222 587 1257 circa
615 1221 862 1256 incarnationis
891 1222 1066 1256 rationem
1087 1221 1266 1269 Eutyches
1290 1231 1323 1257 et
1343 1222 1528 1258 Nestorius
1543 1252 1550 1265 ‚
1571 1237 1611 1258 ac
1641 1224 1731 1258 circa
1754 1225 1946 1259 divinitatis
1974 1226 2032 1259 do-

358 1284 507 1318 ctrinam
533 1283 706 1318 Sabellius
731 1291 763 1316 et
787 1282 902 1317 Arius.

459 1357 516 1379 22.
546 1343 667 1389 Quum
690 1357 770 1390 ergo
792 1343 875 1377 duas
898 1344 1133 1378 confiteamur
1154 1345 1323 1392 perfectas
1344 1344 1380 1378 in
1404 1344 1546 1379 Christo
1574 1354 1737 1388 naturas,
1762 1354 1837 1380 tum
1858 1346 1949 1394 ipsas
1972 1361 2031 1394 per

355 1420 410 1448 se,
434 1414 510 1439 tum
531 1405 634 1439 ctiam
655 1404 746 1452 quod
774 1404 899 1438 attinet
921 1404 961 1438 ad
987 1405 1145 1452 physicas
1174 1404 1365 1439 earundem
1394 1405 1596 1452 qualitates3
1620 1407 1783 1440 confiteri
1812 1420 2032 1455 consequen-

354 1474 407 1500 ter
436 1465 630 1513 oportebit,
653 1464 874 1499 inhaerentes
897 1465 998 1499 etiam
1019 1465 1161 1513 utrique
1182 1473 1327 1499 naturae
1348 1465 1544 1499 voluntates
1567 1473 1601 1499 et
1623 1466 1849 1513 operationes.
1877 1466 2029 1501 Necesse

355 1525 450 1559 enim
471 1533 542 1567 est,
561 1524 642 1573 quia
662 1524 750 1559 duae
774 1524 970 1559 creduntur
991 1525 1224 1567 substantiae,
1242 1524 1399 1573 duplices
1421 1524 1550 1572 pariter
1573 1525 1709 1560 illarum
1728 1526 1928 1573 praedicare
1950 1540 2031 1574 qua-

354 1585 478 1620 litates.
512 1584 626 1620 Aliter
655 1593 749 1619 certe
778 1593 939 1620 accurata
972 1585 1111 1620 illarum
1145 1586 1314 1630 perfectio
1347 1585 1537 1619 incolumis
1565 1597 1638 1617 esse
1669 1598 1741 1618 non
1770 1586 1908 1632 poterit.
1938 1586 2031 1620 Nam

355 1655 435 1680 suut
463 1646 499 1679 in
526 1646 661 1680 naturis
690 1644 1014 1685 characteristicae,
1038 1657 1154 1691 neque
1183 1651 1235 1677 est
1262 1643 1418 1677 invenire
1443 1651 1606 1678 naturam
1634 1644 1811 1679 voluntate
1835 1654 1894 1679 aut
1915 1659 2032 1693 opera-

354 1707 448 1741 tione
471 1713 659 1740 carentem.
689 1703 791 1738 Sicut
812 1717 892 1750 ergo
906 1732 913 1745 ,
936 1711 1109 1751 quatenus
1130 1702 1230 1737 Deus
1245 1731 1253 1745 ,
1275 1703 1408 1737 volebat
1430 1712 1462 1737 et
1485 1704 1709 1751 operabatur3
1731 1704 1776 1739 ita
1804 1705 1927 1746 etiam,
1949 1719 2030 1753 qua-

356 1775 458 1801 tenus
479 1766 602 1807 homo,
623 1764 755 1798 volebat
784 1778 892 1811 aeque
915 1772 950 1798 et
971 1763 1202 1811 operabatur,
1224 1771 1299 1798 tum
1321 1763 1356 1797 in
1378 1763 1559 1810 patrandis
1586 1763 1782 1806 miraculis,
1804 1772 1878 1798 tum
1898 1764 1935 1798 in
1957 1764 2029 1799 aliis

354 1827 554 1874 adsumptae
583 1824 812 1859 humanitatis
841 1824 974 1858 officiis.
1003 1823 1106 1858 Haud
1135 1832 1253 1858 tamen
1281 1824 1365 1857 haec
1395 1823 1544 1857 invicem
1574 1823 1748 1857 contraria
1777 1833 1900 1870 eraut3
1930 1825 2030 1859 cede-

354 1889 437 1922 bant
464 1887 557 1922 enim
586 1895 621 1921 et
649 1885 929 1920 subiiciebantur
959 1885 1161 1919 adsumenti
1184 1898 1219 1918 ea
1234 1913 1241 1927 ,
1264 1898 1353 1932 quae
1378 1892 1476 1918 erant
1499 1884 1693 1931 adsumpti:
1718 1898 1859 1932 prorsus
1880 1894 1918 1919 ut
1940 1886 2029 1919 nihil

353 1949 431 1984 fieri
453 1948 666 1983 contrarium
688 1961 956 1995 repugnansque
979 1960 1017 1980 ex
1040 1945 1147 1980 unitis
1167 1945 1325 1987 naturis,
1343 1958 1553 1993 quamquam
1571 1945 1736 1985 «liversis,
1755 1946 2026 1994 conspiceretur.

355 2009 428 2044 Hoc
447 2009 528 2044 inde
547 2009 729 2056 probatur,
747 2008 839 2055 quod
857 2020 1009 2055 quorum
1029 2015 1170 2040 naturae
1187 2005 1340 2040 diversae
1363 2014 1461 2047 sunt,
1481 2019 1599 2040 corum
1619 2005 1706 2039 ratio
1723 2020 1866 2053 quoque
1889 2006 2025 2051 dissertg

355 2070 388 2103 id
417 2069 511 2118 quod
540 2070 576 2102 in
597 2068 837 2114 heterogeneis
858 2068 961 2102 rebus
984 2074 1131 2114 apparet.
1158 2065 1311 2100 Necesse
1334 2075 1383 2100 est
1406 2066 1546 2113 itaque,
1571 2075 1611 2100 ut
1637 2065 1883 2101 substantiales
1911 2067 2028 2101 volun-

355 2131 433 2165 tatis
454 2130 732 2178 operationisque
758 2128 941 2176 qualitates
966 2127 1132 2162 disserant
1161 2127 1251 2161 inter
1281 2141 1326 2161 se.
1354 2126 1513 2174 Namque
1542 2141 1582 2161 cx
1611 2126 1660 2160 his
1689 2126 1771 2174 ipsis
1799 2127 2027 2175 qualitatibus

356 2199 557 2225 naturarum
585 2203 720 2238 quoque
742 2189 927 2223 scientiam
954 2187 1187 2236 adquirimus:
1211 2187 1342 2234 quippe
1363 2187 1444 2234 quia
1466 2200 1618 2234 quorum
1641 2187 1781 2221 eaedem
1809 2187 2027 2235 operationes

356 2259 457 2292 sunt,
480 2250 679 2284 eorumdem
707 2263 847 2298 quoque
876 2257 1022 2283 naturae
1052 2256 1133 2282 sunt
1161 2261 1268 2295 pares.
1298 2246 1360 2282 Sic
1383 2260 1463 2293 ergo
1486 2247 1610 2281 modus
1638 2261 1777 2295 quoque
1802 2248 2026 2282 theandricae

360 2310 489 2345 Christi
511 2310 734 2357 operationis,
753 2324 822 2357 qua
844 2309 1025 2343 nobiscum
1045 2321 1180 2342 versans
1203 2307 1387 2349 utebatur,
1408 2308 1616 2355 perspicuus
1638 2307 1715 2349 fiet,
1734 2321 1840 2355 quem
1857 2321 1918 2355 per
1936 2308 2026 2342 hanc

359 2370 704 2405 circumlocutionem
731 2369 1044 2404 consideravimus:
1069 2381 1150 2402 nam
1177 2376 1300 2402 mutua
1329 2367 1476 2402 duarum
1505 2375 1712 2402 naturarum
1741 2368 1943 2415 appellatio,
1965 2368 2028 2402 du-

359 2430 547 2478 plicitatem
568 2430 774 2477 operationis
795 2429 1026 2465 demonstrat:
1050 2428 1131 2476 quia
1153 2428 1295 2462 unionis
1317 2427 1440 2462 modus
1455 2455 1462 2469 ,
1485 2427 1708 2461 differentiae
1729 2427 1873 2462 modum
1894 2427 2026 2462 incolu-

360 2504 450 2526 mem
476 2491 511 2525 in
539 2504 574 2524 se
604 2498 790 2525 conservat.
818 2489 956 2524 Pariter
984 2489 1156 2538 quispiam
1185 2488 1376 2530 concedet,
1401 2497 1586 2535 utramque
1616 2488 1761 2521 sormam
1789 2487 1922 2534 operari
1953 2501 2024 2522 non

358 2553 434 2587 sine
457 2550 654 2587 alterutrius
675 2549 946 2597 participatione.
964 2549 1046 2584 Non
1071 2563 1149 2595 ergo
1172 2562 1278 2583 unam
1299 2548 1515 2583 voluntatem
1540 2556 1573 2581 et
1593 2547 1831 2595 operationem
1848 2548 1883 2581 in
1906 2548 2026 2582 divina

360 2611 561 2648 oeconomia
582 2610 838 2658 praedicamus,
860 2624 930 2658 quo
953 2611 1042 2645 facto
1064 2623 1125 2644 sua
1153 2610 1294 2657 utrique
1325 2608 1570 2643 convenientia
1598 2607 1711 2642 officia
1743 2608 1976 2656 eriperemus:
1998 2609 2024 2642 si

361 2682 452 2708 certe
474 2673 660 2721 perfectam
681 2679 840 2705 naturam
863 2684 933 2705 esse
956 2670 1187 2713 adstruimus,
1208 2683 1251 2704 nc
1273 2668 1446 2704 dementis
1469 2667 1665 2716 furiosique
1688 2668 1807 2703 morbo
1828 2668 2025 2704 laboremus

440 2824 473 2853 (1)
492 2820 605 2848 Videtur
623 2819 682 2847 heic
701 2818 793 2847 ludere
812 2818 839 2845 in
858 2818 988 2845 vocabulo
1006 2818 1176 2854 Nicephorus
1195 2818 1271 2853 quasi
1291 2818 1363 2845 dicat
1381 2819 1440 2844 sine
1458 2817 1589 2847 cerebro,
1609 2823 1775 2851 quamquain
1800 2817 1852 2843 alia
1873 2816 1925 2843 fuit
1945 2816 2027 2843 huius

363 2865 549 2899 appellationis
568 2871 657 2892 causa.
